1875 2474
917 180 942 216 9

174 289 218 320 ita
240 285 466 329 comprobavit,
496 287 529 315 ut
549 281 633 325 quod
652 280 704 313 vel
733 280 773 313 ad
801 281 1098 323 argumentationem
1122 279 1265 319 addatur,
1296 280 1348 313 vel
1371 279 1568 313 refutationis
1593 289 1692 312 causa

171 348 356 390 opponatur,
389 341 467 374 nihil
489 329 614 374 omnino
634 340 777 382 supersit.
820 339 925 379 Quare
947 339 1082 372 lectores
1105 338 1191 371 illum
1213 338 1325 371 librum
1349 338 1471 371 adeant.

248 404 281 442 2)
307 401 442 434 Verbum
473 397 584 436 ὅπτω,
627 398 710 441 quod
738 399 818 431 inter
846 400 973 442 stirpem
996 399 1062 430 ΕΠ
1084 403 1114 430 et
1139 397 1275 430 additum
1295 410 1322 430 ω
1344 397 1480 430 litteram
1501 409 1520 429 τ
1541 397 1688 429 insertam

168 461 276 500 habet,
301 460 509 503 suspicionem
528 461 646 494 movet,
667 458 756 489 vocis
776 457 978 499 particulam,
1010 466 1090 499 quae
1114 456 1288 489 dicentibus
1308 456 1484 489 molestiam
1507 455 1689 493 facesseret,

168 519 341 559 excidisse,
370 522 401 550 et
418 515 470 549 vel
495 514 599 548 addito
621 526 654 552 τ,
682 514 733 547 vel
754 515 858 549 vocali
880 527 899 548 ο
921 516 954 547 in
977 527 1003 547 ω
1025 514 1189 558 producta,
1216 519 1249 547 ut
1272 511 1349 557 ὥὴή
1369 523 1426 558 pro
1438 512 1523 557 ὂπή,
1546 524 1691 557 compen-

170 584 270 613 satam
292 578 402 611 fuisse.

253 637 289 675 3)
310 634 379 667 Vox
399 633 626 670 vetustissima,
649 642 711 675 qua
731 633 860 675 primum
882 643 955 676 pars
977 632 1130 675 quaedam
1153 632 1305 664 humanae
1328 632 1424 664 faciei
1445 632 1605 663 nominata
1627 631 1691 666 fuit,

167 699 278 739 postea
298 693 332 725 in
352 692 447 724 totius
469 690 564 723 faciei
581 700 697 724 nomen
717 691 848 723 transiit.
893 689 983 729 Quae
1006 700 1098 733 quum
1120 690 1209 723 locus
1232 695 1263 722 et
1285 690 1349 723 oris
1371 694 1401 722 et
1421 688 1583 722 oculorum
1597 692 1691 726 esset,

174 752 282 786 facilis
306 752 360 783 via
382 751 480 793 patuit
500 750 539 782 ad
562 759 631 782 eum
652 759 757 787 usum,
780 759 839 791 quo
862 748 976 781 Graeci
998 749 1090 781 modo
1111 749 1251 788 videndi,
1277 748 1368 781 modo
1391 747 1516 781 dicendi
1536 747 1693 779 notionem

168 810 229 842 hac
257 817 321 840 una
346 817 424 841 voce
453 807 737 849 complecterentur.
801 805 849 838 Ea
877 815 975 839 causa
997 815 1070 838 esse
1088 806 1223 843 videtur,
1259 815 1314 838 cur
1333 805 1432 838 verba
1453 815 1493 837 ex
1514 804 1575 837 hac
1594 805 1691 846 stirpe

167 866 308 911 profecta
326 871 389 900 tam
416 867 503 900 varie
526 867 606 898 inter
625 875 659 898 se
681 866 832 908 permixta
852 870 1022 908 appareant
1044 870 1074 898 et
1096 869 1292 898 commutata.
1340 863 1395 897 Sic
1417 860 1470 906 ι’)’ψ
1494 863 1535 896 ab
1557 862 1692 897 Homero

169 934 325 967 nunquam
345 926 389 956 ita
408 929 587 966 usurpatum
609 929 666 961 est,
688 929 720 955 ut
741 924 853 956 faciem
875 923 1074 964 significaret,
1097 924 1153 955 sed
1166 923 1317 966 plurimis,
1339 923 1451 965 quibus
1466 923 1589 964 legitur,
1612 922 1693 955 locis

172 992 295 1028 semper
312 987 360 1016 est
375 992 451 1021 vox3
475 980 579 1025 ἐνόπη
602 985 713 1020 autem,
737 981 818 1025 quod
840 981 945 1025 stirpis
972 991 992 1015 a
1014 981 1121 1015 radice
1140 982 1208 1014 011
1227 981 1378 1015 oriundae
1401 982 1538 1044 speciem
1559 990 1635 1025 prae
1657 990 1692 1013 se

171 1043 247 1082 fert,
276 1047 401 1085 propter
422 1043 605 1075 sententiam
628 1042 792 1077 clamoris,
823 1051 915 1083 quam
935 1040 1045 1080 habet,
1073 1041 1113 1074 ad
1136 1043 1201 1073 ΕΠ
1219 1042 1359 1084 pertinet.

254 1100 297 1132 At
321 1109 449 1137 vereor,
488 1108 527 1130 ne
557 1098 683 1139 longius
711 1102 860 1138 evagetur
882 1099 991 1131 oratio.
1055 1098 1278 1131 convertamus
1300 1099 1395 1140 igitur
1417 1099 1552 1130 animum
1575 1098 1615 1130 ad
1635 1098 1693 1131 illa

171 1158 285 1195 verba,
317 1168 446 1200 quorum
468 1167 566 1191 causa
587 1156 667 1189 haec
691 1156 857 1199 disput-atio
880 1157 1018 1189 instituta
1042 1162 1099 1189 est.

254 1216 390 1249 Primum
411 1226 517 1249 eorum
538 1220 585 1248 est
607 1211 744 1257 αἴθιοψ.
778 1214 868 1254 Quod
879 1225 970 1258 quum
981 1215 1106 1258 planum
1127 1216 1166 1248 sit
1187 1221 1217 1248 et
1226 1216 1431 1259 perspicuum,
1453 1215 1563 1258 paucis
1575 1220 1690 1248 tantum

172 1275 211 1308 de
233 1285 272 1308 eo
294 1275 457 1307 disseram.
512 1274 630 1312 Radix,
672 1284 711 1306 ex
732 1284 794 1316 qua
816 1276 946 1317 copiosa
969 1275 1035 1316 ejus
1059 1274 1165 1317 proles
1187 1276 1339 1316 originem
1360 1274 1459 1311 duxit,
1492 1275 1599 1312 ΑΙΘ,
1631 1276 1693 1307 vim

174 1332 268 1366 habet
297 1334 426 1372 urendi,
471 1333 511 1365 ad
538 1342 629 1375 quam
655 1333 761 1364 omnia
786 1332 943 1365 vocabula
971 1343 1009 1365 ex
1037 1342 1076 1366 ea
1104 1332 1245 1376 profecta
1272 1332 1441 1366 referenda
1470 1337 1548 1365 sunt.
1609 1332 1694 1366 Dixit

173 1390 325 1424 Homerus
347 1390 467 1432 χαλκὸν
490 1389 640 1428 αἴθοπα,
675 1401 746 1429 aes,
779 1390 861 1433 quod
884 1392 967 1433 ignis
995 1391 1149 1433 fulgorem
1173 1391 1283 1430 habet,
1315 1400 1370 1424 aes
1392 1392 1533 1432 fulqens,
1568 1393 1694 1432 ‚seuer-

173 1450 324 1485 blickend,
343 1450 513 1486 ,blitzend‘1
538 1449 655 1489 (simile
683 1454 731 1482 est
753 1448 977 1482 Germanorum
1007 1450 1250 1490 „brandfarbiffi
1285 1450 1523 1491 Brandfuehs);
1560 1448 1695 1484 αἴθοπα

173 1502 279 1545 οἶνον,
297 1507 418 1546 vinum,
441 1507 523 1550 quod
542 1508 590 1540 rei
610 1507 790 1541 combustae
813 1508 947 1552 speciem
969 1507 1078 1547 habet,
1098 1509 1201 1542 vinum
1212 1510 1391 1550 niqricans,·
1414 1506 1550 1541 αἴθοπα
1562 1508 1695 1548 καπνόν,

172 1565 288 1598 fumum
315 1566 529 1605 caliginosum.
594 1566 687 1598 Alias
716 1565 854 1609 σίδηρος
881 1571 1011 1600 vocatur
1036 1564 1161 1605 αἴθων,
1203 1576 1259 1599 aes
1287 1568 1412 1609 igneum
1433 1566 1462 1598 h.
1484 1576 1511 1598 e.
1532 1567 1695 1608 sulye‘dum.

176 1621 351 1666 Superesse
369 1623 512 1655 videntur
532 1622 622 1665 hujus
643 1624 761 1657 radicis
782 1625 917 1667 vestigia
938 1626 971 1658 in
990 1624 1203 1659 Hebraeorum
1225 1633 1297 1663 77⁸,
1320 1624 1402 1667 quod
1416 1630 1550 1661 torrem,
1583 1627 1696 1662 „einen

176 1681 417 1718 Feuerbrand,“
440 1681 566 1715 indicat.
610 1681 700 1722 Quod
723 1684 752 1716 si
773 1693 878 1717 verum
907 1688 967 1722 est,
996 1683 1167 1727 exemplum
1187 1682 1353 1723 habemus,
1376 1694 1438 1726 quo
1460 1682 1696 1723 demonstratur,

176 1750 287 1773 vocum
316 1740 509 1783 quarundam
538 1741 676 1783 origines
705 1752 743 1774 ex
769 1743 987 1776 remotissimis
1014 1743 1204 1786 temporibus
1235 1743 1275 1775 ad
1301 1741 1441 1775 Graecas
1475 1748 1505 1774 et
1537 1745 1696 1777 semiticas

177 1802 288 1839 gentes
313 1798 452 1841 perlatas
482 1807 564 1831 esse.
624 1798 711 1831 Haec
741 1799 780 1831 ab
809 1800 874 1832 illis
903 1800 1026 1843 quidem
1054 1805 1199 1844 receptae
1228 1804 1259 1833 et
1285 1801 1376 1833 varia
1397 1803 1645 1835 commutationis
1667 1808 1696 1835 et

179 1857 412 1899 compositionis
435 1858 556 1891 ratione
578 1858 611 1890 in
633 1867 791 1891 numerum
813 1860 891 1892 satis
912 1869 1058 1902 magnum
1077 1864 1187 1892 auctae
1218 1864 1302 1899 sunt;
1342 1857 1480 1892 Semitae
1509 1865 1611 1894 autem
1640 1871 1696 1894 eas

177 1915 223 1946 ita
250 1915 454 1956 neglexerunt
481 1916 622 1958 adeoque
648 1917 837 1958 rejecerunt,
878 1922 910 1950 ut
936 1918 987 1950 vel
1013 1928 1140 1960 prorsus
1164 1917 1392 1955 interciderint,
1432 1917 1485 1950 vel
1504 1928 1579 1950 rara
1600 1929 1697 1961 quae-

179 1962 251 2006 dam
272 1982 379 2007 eorum
399 1974 552 2019 reliquiae
573 1974 666 2009 hodie
688 1976 851 2020 supersint.

263 2031 376 2066 Altera
394 2044 465 2072 vox,
489 2035 527 2068 de
548 2045 611 2077 qua
632 2045 714 2069 nunc
737 2036 885 2082 dicemus,
906 2034 1034 2080 νώροψ,
1057 2037 1089 2068 in
1109 2036 1218 2068 Iliadis
1239 2034 1383 2069 versibus
1404 2045 1470 2073 sex,
1492 2036 1525 2067 in
1536 2034 1700 2078 Odysseae

182 2089 295 2130 trihus,
324 2096 490 2134 praeterea
509 2094 543 2125 in
562 2093 720 2127 nonnullis
742 2094 865 2137 hymnis
890 2095 1051 2138 reperitur.
1093 2093 1128 2127 In
1150 2094 1291 2128 omnibus
1313 2093 1363 2127 his
1384 2094 1466 2127 locis
1488 2104 1558 2127 cum
1577 2097 1701 2129 nomine

179 2148 302 2189 χαλκὸς
323 2152 516 2193 conjunctum
538 2157 594 2186 est.
638 2153 791 2198 Νώροπα
811 2153 933 2194 χαλκὸν
954 2159 1076 2187 veteres
1091 2154 1274 2196 interpretes
1287 2154 1483 2194 splendidam
1497 2164 1569 2187 esse
1585 2154 1701 2189 volunt.

183 2204 279 2238 Recte
308 2207 446 2249 quidem3
483 2215 515 2242 at
543 2220 690 2253 perverse
717 2211 903 2245 vocabulum
931 2212 1094 2255 explicant.
1145 2212 1284 2246 Eustath.
1309 2214 1341 2245 in
1363 2223 1472 2246 comm.
1495 2213 1568 2246 827.
1590 2214 1642 2246 25.
1662 2215 1702 2248 ad

1416 2273 1438 2304 2
