1875 2474
928 144 951 179 8

178 251 300 275 munem
327 242 534 284 reperiemus,
571 251 634 284 qua
657 243 784 275 inventa
806 247 837 276 et
858 242 1081 276 dubitationem
1103 249 1253 277 remotam
1273 250 1303 278 et
1326 254 1406 289 qnae
1427 246 1547 280 incerta
1567 246 1701 286 suerunt,

177 301 314 334 certiora
335 299 421 333 facta
445 299 629 333 videbimus.
673 299 718 332 Ex
741 301 861 340 multis,
890 311 971 344 quae
994 303 1027 334 in
1048 301 1174 335 Homeri
1196 303 1385 336 carminibus
1407 304 1551 357 exempla
1572 308 1702 344 exstant,

176 368 268 391 unum
289 358 455 401 proferam.

262 445 297 478 ln
332 445 477 489 epithetis
492 470 499 484 ,
542 453 623 487 quae
658 445 690 477 in
727 444 826 479 Iliade
863 452 893 479 et
922 445 1070 489 Odyssea
1106 448 1173 480 aeri
1209 448 1428 487 attribuuntur,
1473 454 1543 482 sunt
1579 442 1703 492 αἶ’θόψ,

177 502 305 546 νώροψ,
328 499 431 546 ι’]’.νοψ
467 502 601 535 Primum
625 502 699 545 quid
722 502 761 535 de
784 509 923 538 extrema
944 505 1107 550 compositi
1130 510 1218 549 parte
1241 506 1435 540 statuendum
1460 507 1509 547 sit,
1530 506 1701 541 videamus.

179 560 316 604 Syllaba
345 558 397 604 ὂψ
425 560 616 599 nominibus,
651 561 763 604 quibus
796 564 941 606 adJuncta
962 570 1026 604 est,
1063 574 1134 597 eam
1154 565 1216 598 vim
1240 564 1391 601 attribuit,
1424 570 1530 599 utres
1537 562 1704 625 quaedam

177 620 229 654 vel
252 620 388 663 speciem
409 620 462 653 vel
484 620 623 654 colorem
643 619 762 653 habere
786 622 908 655 dicatur
935 624 1002 666 eJus
1029 626 1180 664 nominis,
1214 624 1296 667 quod
1325 624 1411 666 prior
1437 632 1512 666 pars
1539 614 1707 670 compositi

178 685 235 712 est.
268 677 325 711 Sic
345 676 486 720 μηλοπα
508 677 639 720 καρπὸν
660 676 719 710 Od.
743 678 807 711 VII.
831 679 903 712 104.
925 681 1056 714 fructum
1076 682 1241 729 significat,
1264 682 1315 725 qui
1338 681 1473 723 speciem
1495 676 1610 723 μήλων
1630 680 1659 713 h.
1680 690 1706 713 e.

177 737 330 770 malorum
352 735 554 777 cydoniorum
577 735 717 769 colorem
739 736 851 776 habet,
880 738 992 772 flavam
1015 740 1179 779 Cererem,
1206 742 1349 773 triticum.
1394 731 1619 770 Germanorum
1640 747 1706 769 ser-

179 805 268 828 mone
303 795 392 826 dicas
426 795 727 834 „quittenbltckend,
773 797 1028 838 quittensarbiqf‘
1095 797 1239 831 Graecae
1271 797 1399 838 linguae
1438 789 1517 827 sunt
1542 789 1639 827 duae
1655 803 1707 827 ra-

179 854 282 890 dices,
305 860 434 895 quarum
456 850 547 884 alteri
570 852 639 884 ΕΠ
655 851 796 891 dicendi,
819 853 909 887 alteri
930 854 999 887 ΟΠ
1014 855 1142 889 videndi
1162 857 1248 890 notio
1270 855 1398 899 propria
1418 858 1475 887 est.
1518 849 1618 896 Epica
1639 850 1707 885 dia-

179 912 279 945 lectus
297 910 531 953 quodammodo
554 910 677 954 quidem
699 921 755 944 eas
778 911 927 945 discernit
942 918 977 945 et
1000 914 1159 956 seJunctas
1171 919 1263 947 tenet
1292 914 1343 946 Ad
1356 913 1486 946 alteram
1499 911 1582 956 enim
1593 911 1706 943 seriem

179 970 219 1002 ab
241 970 310 1001 ΕΠ
327 969 525 1010 incipientem
545 968 699 1011 pertinent
722 966 820 1008 ἔπος,
860 966 1095 1016 ἆμαρτοεπής,
1134 968 1328 1016 ἅπτοεπής,
1360 969 1511 1016 νήπιος,
1531 968 1597 1003 alia
1618 967 1707 1037 hujus

177 1028 314 1072 generis.
382 1026 522 1060 Alteram
556 1028 671 1061 seriem
704 1027 869 1061 decurrunt
906 1030 974 1061 ΟΠ
998 1031 1031 1062 in
1063 1024 1234 1073 ὄψεσθαι,
1277 1035 1308 1063 et
1338 1042 1357 1063 ο
1387 1031 1420 1062 in
1447 1041 1474 1062 ω
1502 1033 1619 1061 mutato
1647 1017 1707 1069 ιιίψ

179 1086 237 1120 Od.
266 1085 290 1118 Ι.
320 1085 394 1118 428.
459 1083 640 1127 Εὖρύκλει,
668 1076 786 1124 Ὦπος,
827 1085 995 1130 θυγάτηρ,
1040 1085 1090 1125 εἷς
1119 1083 1217 1126 ὦπα,
1261 1085 1424 1124 ἑλίκωπες
1451 1095 1520 1118 cum
1551 1084 1708 1118 femininis

177 1143 407 1186 βλοσυρῶπις,
437 1142 629 1184 γλαυκῶπις
650 1148 680 1175 et
703 1142 873 1183 similibus,
902 1144 1013 1177 deinde
1036 1140 1114 1188 ὠπή
1137 1146 1170 1178 in
1191 1145 1372 1188 compositis
1387 1141 1515 1187 ἐνωπή,
1540 1136 1707 1187 περιωπή,

180 1208 209 1235 et
231 1200 358 1243 syllaba
378 1206 500 1234 auctum
522 1198 665 1244 ὅπωπή,
689 1201 823 1244 denique
847 1200 1051 1244 πρόσωπον,
1073 1202 1244 1243 μέτωπον,
1274 1200 1417 1240 ἐνώπια,
1450 1198 1605 1240 siguinae,
1629 1198 1707 1233 ἔνω-

181 1259 304 1298 πιὸίως
336 1263 366 1292 et
394 1268 474 1302 quae
508 1257 633 1302 reliqua
662 1263 741 1292 sunt.
805 1259 847 1292 At
868 1265 938 1293 sunt
960 1260 1026 1293 alia
1047 1270 1169 1303 quoque
1190 1260 1304 1298 verba,
1348 1269 1429 1303 quae
1448 1261 1529 1293 inter
1548 1259 1607 1292 has
1629 1250 1707 1291 du¹as

182 1319 284 1352 series
313 1318 498 1360 interposita
527 1316 567 1348 ab
601 1315 703 1349 altera
724 1316 873 1357 sormam,
913 1318 955 1351 ab
982 1318 1083 1351 altera
1105 1320 1261 1351 notionem
1282 1322 1475 1361 acceperunt.
1519 1314 1575 1350 Sic
1597 1309 1709 1349 nomen

181 1374 234 1419 ὅψ
257 1377 290 1408 in
311 1374 440 1408 Homeri
463 1374 643 1418 rhapsodiis
666 1384 789 1418 semper
806 1384 923 1413 vocem,
943 1384 1100 1418 nunquam
1121 1377 1222 1409 visum
1245 1375 1371 1413 indicat,
1393 1373 1495 1418 ἐνοπὴ
1522 1379 1569 1407 est
1590 1375 1709 1407 clamor

184 1435 318 1478 ideoqne
348 1433 389 1466 ad
421 1431 505 1472 ἔπος
530 1433 672 1476 pertinet.
730 1432 847 1466 Nescio
874 1433 985 1475 igitur,
1022 1444 1063 1467 an
1091 1443 1154 1467 non
1179 1439 1309 1477 utraque
1338 1434 1431 1476 stirps
1457 1442 1497 1465 ex
1516 1441 1580 1464 una
1600 1431 1708 1464 radice

184 1493 325 1536 profecta
349 1493 398 1525 sit.
442 1490 581 1543 vocales
599 1491 681 1522 enim
708 1492 894 1534 praesertim
908 1492 938 1523 Ε
957 1496 987 1523 et
1004 1491 1032 1523 Ο
1053 1491 1267 1524 inconstantes
1290 1496 1360 1524 sunt
1379 1491 1466 1524 etita
1479 1489 1655 1529 mutabiles,
1677 1495 1709 1522 ut

184 1551 238 1585 ubi
260 1551 299 1584 de
321 1560 431 1584 vocum
452 1554 565 1582 natura
588 1554 618 1582 et
639 1548 744 1582 indole
767 1549 999 1591 dijudicandum
1021 1550 1071 1587 sit,
1095 1549 1174 1582 nihil
1195 1550 1319 1583 omnino
1340 1549 1468 1593 prosint.
1510 1547 1709 1581 Communem

183 1610 273 1642 illam
304 1608 444 1641 radicem
480 1606 725 1649 deprehendisse
762 1606 838 1639 mihi
867 1607 977 1639 videor
1010 1607 1042 1639 in
1073 1608 1213 1640 semitico
1240 1616 1282 1650 ηκ
1296 1632 1303 1646 ,
1347 1606 1430 1650 quod
1456 1614 1571 1639 nasum
1592 1602 1709 1647 signifi-

183 1672 245 1700 cat.
289 1664 370 1698 Nam

271 1763 305 1803 l)
327 1771 441 1795 nomen
465 1771 504 1794 ex
526 1768 582 1803 ηιμ
604 1764 744 1794 exortum
766 1769 839 1793 esse
861 1759 973 1793 docent
994 1766 1087 1795 :mu
1109 1771 1165 1804 pro
1183 1767 1308 1800 2³:³³⁸,
1328 1769 1440 1797 nares,
1466 1768 1581 1796 nasus,
1603 1760 1709 1799 sactes,

186 1829 261 1864 ηιμ,
294 1821 449 1861 spiravit*
474 1818 561 1852 flavit
588 1817 734 1857 naribus,
769 1822 799 1851 et
822 1817 963 1852 Arabum
983 1819 1063 1860 Ans,
1096 1829 1206 1853 nasus.
1266 1817 1410 1862 Vestigia
1437 1817 1527 1862 huJus
1548 1817 1668 1851 formae
1691 1826 1711 1850 a

187 1878 317 1913 dialecti
328 1876 503 1911 Hebraicae
525 1877 631 1913 indole
655 1876 762 1911 aliena
782 1882 905 1911 exstant
925 1879 1056 1922 primurn
1078 1879 1111 1911 in
1132 1875 1238 1922 ὀμφή,
1257 1888 1322 1912 vox
1338 1878 1458 1914 divina,
1481 1876 1563 1919 quod
1573 1884 1710 1917 graecae
1748 1887 1753 1889 ·

186 1939 316 1980 linguae
338 1935 463 1977 legibus
486 1946 525 1968 ex
546 1933 632 1979 ὂνφη
653 1936 770 1969 factum
791 1940 856 1974 est,
897 1941 927 1969 et
948 1937 981 1969 in
1000 1937 1090 1980 epico
1110 1934 1232 1974 ἐνέπω,
1275 1934 1416 1974 ἐννέπω,
1454 1934 1534 1972 dico,
1563 1933 1646 1977 quod
1670 1942 1712 1966 ex

189 1995 296 2036 ὲνπω,
317 1993 414 2036 ἐμπω
437 1994 660 2029 conformatum
682 2000 745 2034 est,
772 1999 805 2029 ut
826 1995 964 2031 molliori
984 2006 1062 2030 sono
1085 2006 1124 2030 ex
1144 2006 1198 2030 ore
1223 1995 1409 2029 elaberetur.
1451 1991 1601 2026 Naturam
1621 1992 1711 2034 hujus

187 2055 277 2089 verbi
300 2058 390 2088 acute
410 2055 567 2096 perspexit
590 2053 854 2087 cLButtmannus.
898 2054 929 2088 Is
952 2056 1035 2088 enim
1059 2061 1143 2089 recte
1166 2063 1297 2098 negans,
1318 2055 1351 2087 in
1362 2049 1552 2094 Lexilogo‘l.
1564 2049 1713 2094 pagz287

189 2123 277 2156 seqq.
302 2110 410 2146 ἐνέπω
433 2121 473 2144 ex
492 2113 724 2156 praepositione
746 2111 781 2148 ἐν
802 2118 832 2147 et
854 2110 926 2148 ἔπω
949 2115 1152 2158 compositum
1174 2123 1262 2153 esse,
1295 2112 1426 2148 eandem
1450 2110 1553 2155 potius
1576 2110 1643 2152 ejus
1664 2109 1712 2142 in-

190 2171 292 2206 dolem
315 2179 388 2204 esse
409 2170 495 2210 vidit,
515 2171 618 2214 qualis
640 2178 689 2207 est
707 2172 796 2206 verbi
821 2171 926 2207 πάθω
949 2179 979 2206 et
1001 2173 1128 2213 πένθω,
1151 2172 1182 2205 id
1201 2172 1283 2215 quod
1304 2170 1493 2213 argumentis
1514 2168 1710 2210 gravissimis
