1875 2474
907 176 933 210 4

161 276 239 308 duas
261 274 388 314 linguas
417 272 615 314 cognationis
637 272 763 304 vinculo
785 274 965 314 conjunctas
991 282 1029 305 ex
1054 282 1116 305 una
1136 277 1262 315 parente
1284 279 1454 315 prognatas
1477 287 1549 311 esse
1570 279 1678 311 volue-

160 337 237 365 runt.
283 329 412 363 Constat
434 330 517 362 enim
538 328 631 361 hodie
653 329 734 361 inter
761 339 869 362 omnes
891 329 1000 362 harum
1023 330 1194 362 litterarum
1216 330 1393 371 cognitione
1416 333 1467 365 vel
1489 334 1599 367 leviter
1622 336 1678 367 im-

160 390 267 426 butos,
293 388 420 430 linguas
442 386 585 429 Europae
608 395 730 424 omneS,
756 387 856 420 Asiae
879 392 909 419 et
923 387 1053 420 Africae
1074 388 1223 430 plurimas
1246 387 1323 420 duas
1346 389 1556 432 amplissimas
1568 393 1679 434 stirpes

161 447 337 488 adtingere,
376 455 415 478 ex
445 454 574 488 quarum
601 444 716 482 altera,
756 445 1043 487 indogermanicam
1070 445 1157 483 dico,
1197 454 1314 487 graeca
1340 445 1448 488 lingua
1468 449 1596 491 prodiit,
1643 460 1681 481 ex

162 505 264 537 altera
288 503 449 536 semiticae
480 502 606 534 dialecti
627 502 786 544 profectae
812 507 891 535 sunt.
953 502 994 534 At
1014 512 1127 535 vereor
1146 508 1265 540 tamen,
1303 513 1342 535 ne
1364 504 1423 536 viri
1445 504 1527 537 docti
1549 507 1681 547 indaga-

160 563 275 595 tionem
297 566 328 593 et
356 561 620 603 comparationem
643 558 824 598 verborum,
868 569 948 601 quae
969 558 1019 591 his
1041 560 1157 602 linguis
1186 560 1361 593 communia
1382 566 1467 599 sunt,
1510 563 1576 594 sive
1599 563 1681 604 quod

163 624 235 652 acta
269 628 366 660 agere
402 618 536 655 nollent,
580 617 648 649 sive
687 617 769 659 quod
804 617 926 650 incuria
958 616 1018 649 has
1055 618 1201 650 minutias
1236 618 1454 660 praeterirent,
1495 621 1561 652 sive
1593 620 1680 652 deni-

162 686 222 719 que
243 676 325 718 quod
348 676 553 709 contemtione
576 674 711 716 quadam
738 674 797 707 has
818 684 920 716 nugas
942 674 1153 717 despicerent,
1177 676 1261 716 justo
1282 675 1350 717 plus
1361 674 1563 717 neglexerint.
1596 677 1680 715 Quo-

162 736 342 777 tiescunque
365 734 448 767 enim
466 732 593 766 Homeri
616 733 757 766 carmina
781 732 925 766 lectitans
948 735 980 765 in
1000 742 1097 765 voces
1118 732 1303 772 inciderem,
1331 743 1411 776 quae
1433 733 1538 767 indole
1561 743 1619 766 sua
1641 735 1680 767 ab

161 791 289 824 Homeri
321 796 424 824 aetate
454 790 561 823 aliena
588 790 630 822 ad
658 795 842 823 vetustatem
869 791 1072 823 monumentis
1103 791 1327 833 antiquissimis
1355 792 1464 833 graeci
1493 796 1524 824 et
1550 793 1681 824 semitici

164 850 318 881 sermonis
347 848 444 891 longe
472 844 664 890 superiorem
694 848 848 889 pertinere
870 847 1062 885 viderentur,
1102 848 1214 880 mentis
1241 848 1461 890 cogitationem
1487 849 1527 881 ad
1548 850 1682 892 priscum

162 906 240 939 illud
261 916 372 941 aevum
396 905 533 939 delatum
554 906 649 944 sensi,
672 915 732 948 quo
755 906 894 947 origines
919 905 1048 947 generis
1063 904 1189 939 humani
1212 911 1241 939 et
1252 907 1352 949 prima
1363 908 1496 940 omnium
1508 907 1682 949 linguarum

161 965 252 996 initia
277 964 440 997 recondita
454 965 568 1006 Jacent.
619 962 706 995 Haec
728 964 937 1005 investigare,
969 963 1048 996 haec
1070 964 1269 997 meditatione
1290 967 1435 1007 persequi
1454 970 1569 998 tanturn
1590 965 1683 998 habet

163 1021 363 1060 delectionis,
400 1027 432 1054 ut
460 1021 544 1054 haud
574 1021 674 1054 sciam
704 1029 744 1053 an
773 1021 837 1054 alio
865 1031 925 1064 quo
956 1021 1058 1053 studio
1085 1016 1206 1054 animus
1234 1023 1337 1065 magis
1360 1022 1446 1056 allici
1469 1028 1499 1056 et
1516 1023 1682 1065 jucundius

163 1079 246 1113 affici
266 1081 377 1123 possit.
1302 1085 1304 1087 '

245 1157 337 1197 Quod
359 1158 388 1190 si
411 1159 481 1201 quis
504 1157 601 1194 dicat,
624 1151 792 1189 litterarum
815 1157 946 1189 studium
968 1158 1207 1202 graviusesse,
1235 1167 1327 1199 quam
1350 1159 1399 1190 cui
1420 1158 1627 1202 disputatione
1646 1159 1684 1192 de

162 1225 269 1249 earum
299 1216 538 1261 oblectamentis
566 1218 644 1249 satis
671 1216 739 1253 fiat,
780 1217 808 1247 is
836 1225 955 1248 mecum
986 1215 1120 1247 animum
1149 1214 1296 1248 adtendat
1328 1216 1368 1248 ad
1397 1216 1530 1255 fructus,
1573 1219 1625 1260 qui
1647 1228 1684 1250 ex

162 1273 395 1315 comparatione
420 1275 631 1305 semiticarum
652 1273 855 1305 dialectorum
877 1273 910 1303 in
932 1273 1156 1305 accuratiorem
1181 1273 1290 1313 graeci
1308 1275 1461 1306 sermonis
1477 1275 1685 1316 cognitionem

162 1330 345 1363 redundant.

246 1404 401 1437 Numerus
428 1404 619 1443 litterarum,
660 1414 720 1448 quo
751 1409 888 1448 tempore
915 1414 937 1436 a
965 1403 1154 1436 Phenicibus
1184 1404 1226 1436 ad
1256 1403 1395 1437 Graecos
1425 1405 1579 1438 translata
1606 1413 1684 1445 sunt,

163 1463 296 1497 nondum
328 1467 433 1496 tantus
464 1467 542 1501 erat,
563 1467 596 1495 ut
627 1462 771 1496 omnibus
793 1463 890 1500 soniS‚
913 1461 1025 1504 quibus
1053 1461 1130 1494 illae
1154 1467 1264 1504 gentes
1285 1464 1318 1495 in
1348 1473 1490 1496 sermone
1512 1464 1685 1506 utebantur,

165 1522 369 1565 designandis
398 1520 566 1554 sufficeret.
621 1520 721 1560 Quum
750 1520 846 1562 igitur
868 1521 1021 1553 sermonis
1044 1521 1234 1554 consuetudo
1257 1524 1482 1556 accuratiorem
1503 1525 1686 1568 scripturam

164 1581 337 1622 exegisset,
378 1585 509 1622 utraque
536 1588 616 1621 gens
645 1579 817 1611 litterarum
847 1579 962 1611 seriem
989 1588 1045 1621 pro
1068 1588 1125 1611 suo
1152 1580 1279 1621 ingenio
1307 1581 1390 1613 auxit
1419 1587 1449 1613 et
1479 1582 1685 1625 amplificavit.

164 1639 369 1678 Quantumvis
395 1643 498 1671 autem
520 1637 637 1670 Graeci
657 1637 691 1669 in
712 1636 871 1674 omnibus,
905 1646 985 1679 quae
1008 1636 1048 1669 ad
1071 1641 1155 1669 artes
1178 1642 1207 1670 et
1229 1637 1349 1671 litteras
1374 1644 1528 1681 spectant,
1552 1645 1686 1677 caeteris

164 1696 308 1739 gentibus
324 1697 545 1739 praestiterint,
566 1695 626 1728 hoc
650 1705 711 1728 uno
732 1700 836 1728 tamen
850 1694 1017 1728 inferiores
1035 1695 1166 1733 suerunt,
1187 1696 1269 1738 quod
1281 1695 1419 1729 Semitae
1431 1698 1511 1730 mira
1522 1699 1686 1734 admodum

164 1755 340 1798 sagacitate
362 1753 586 1787 subtilissimas
608 1754 678 1787 soni
700 1753 914 1792 diversitates,
941 1762 1021 1795 quae
1047 1763 1124 1787 voce
1146 1753 1282 1787 humana
1299 1755 1510 1798 proferuntur,
1546 1763 1576 1790 et
1596 1759 1686 1793 inda-

165 1819 277 1856 garunt
309 1819 339 1846 et
369 1813 505 1857 propriis
537 1812 644 1855 figuris
666 1813 906 1857 descripserunt.

249 1892 400 1935 Exemplo
420 1897 491 1925 sunt
510 1893 606 1934 signa
626 1892 769 1935 spiritus,
797 1902 859 1935 quo
879 1892 1009 1925 vocales
1030 1891 1223 1925 exhalantur.
1267 1891 1395 1927 Veteres
1410 1893 1563 1935 Hebraei,
1592 1904 1622 1931 ut
1638 1900 1686 1932 vel

167 1951 319 1984 leniorem
346 1950 399 1983 vel
426 1950 587 1983 fortiorem
616 1951 683 1993 ejus
712 1960 822 1983 sonum
850 1951 1040 1989 indicarent,
1083 1955 1230 1993 quatuor,
1269 1951 1297 1982 si
1325 1950 1393 1984 Vau
1425 1952 1564 1993 additur,
1606 1959 1687 1999 quod

166 2010 317 2042 interdum
338 2009 400 2042 hac
420 2010 489 2041 vice
508 2009 655 2051 fungitur,
682 2010 815 2051 quinque
835 2009 947 2042 litteris
969 2008 1142 2041 utebantur.
1186 2008 1325 2047 Arabes,
1349 2011 1400 2052 qui
1420 2010 1564 2045 subtilius
1579 2013 1689 2048 distin-

167 2073 276 2108 guunt,
309 2077 365 2100 sex
393 2067 527 2100 diversis
556 2068 656 2109 signis
684 2066 764 2100 haec
794 2067 977 2100 discrimina
998 2066 1184 2109 significant.
1239 2066 1352 2101 Graeci
1375 2070 1437 2101 tria
1455 2074 1574 2103 tantum
1595 2073 1688 2114 signa

167 2128 364 2163 invenerunt,
399 2126 540 2169 spiritum
560 2125 677 2164 lenem,
711 2126 850 2168 spiritum
878 2136 1022 2169 asperum
1051 2130 1081 2157 et
1106 2124 1242 2158 litterani
1265 2125 1330 2159 Chi.
1391 2126 1480 2165 Quae
1501 2138 1592 2171 quum
1610 2140 1685 2165 vero

167 2193 229 2217 non
256 2183 450 2220 sufficerent,
490 2188 522 2216 ut
549 2184 674 2226 spiritus
694 2185 849 2222 varietas,
891 2184 978 2227 quali
1003 2183 1142 2217 dicentes
1161 2182 1337 2223 utebantur,
1378 2185 1411 2218 in
1429 2185 1587 2219 oculorum
1609 2198 1685 2222 con-
