1875 2474
946 181 968 204 ι’)

197 276 332 313 spectum
359 269 514 306 venirent,
558 268 625 300 fieri
652 276 715 298 non
742 267 852 307 potuit,
895 267 968 307 quin
986 266 1113 307 saepius
1136 265 1235 297 verba
1256 274 1334 298 sono
1356 270 1386 297 et
1406 265 1518 297 litteris
1541 265 1712 296 dissimiles

194 326 347 359 similibus
382 326 494 358 litteris
528 324 746 358 scriberentur.
811 321 1012 354 Volventihus
1046 332 1122 355 vero
1156 323 1246 354 annis
1279 332 1370 364 quum
1404 323 1572 365 asperitate
1602 332 1712 354 vocum

193 383 332 417 emollita
362 384 498 425 vestigia
518 383 662 414 diversae
685 379 800 412 indolis
823 381 939 412 sensim
966 379 1070 412 deleta
1093 385 1123 412 et
1144 381 1282 412 societas
1304 380 1429 417 intima,
1463 389 1525 422 qua
1550 380 1647 412 verba
1673 380 1712 411 ab

193 442 302 474 eadem
325 442 418 484 stirpe
440 439 572 473 oriunda
593 440 673 471 inter
695 448 730 470 se
752 438 915 479 conjuncta
937 447 1009 470 esse
1032 437 1148 475 solent,
1183 437 1338 470 dissoluta
1367 443 1488 475 essent,
1526 447 1545 470 a
1578 439 1712 480 posteris

192 501 314 541 priscae
345 508 450 531 eorum
478 497 609 538 originis
631 495 754 533 oblitis,
794 488 1117 537 quae'cohaererent,
1158 496 1304 534 diremta,
1349 506 1429 538 quae
1451 496 1579 528 diversa
1599 500 1714 532 essent,

193 557 357 589 commixta
382 560 452 587 sunt
472 559 563 596 atque
585 553 728 586 confusa.
772 551 840 591 Quo
862 552 976 586 factum
1005 557 1061 591 est,
1083 558 1115 585 ut
1144 554 1176 585 in
1203 558 1341 586 veterum
1368 552 1560 586 Graecorum
1590 553 1714 594 scriptis

193 615 319 657 saepius
344 613 442 646 verba
471 611 679 648 offendamus,
722 619 802 653 quae
834 612 862 643 si
890 620 929 643 ex
957 612 1112 643 sermonis
1140 621 1199 644 usu
1228 617 1258 644 et
1285 611 1507 645 consuetudine
1526 610 1714 652 judicantur,

192 673 311 704 variam
344 676 374 703 et
403 669 600 713 multiplicem
631 669 912 711 interpretationem
941 670 1124 711 permittunt.
1191 669 1295 709 Quare
1325 671 1365 703 iis
1398 675 1469 712 post
1498 668 1594 702 multa
1620 670 1715 700 inter-

192 734 309 772 pretum
336 733 509 763 commenta
540 727 633 760 etiam
669 731 778 760 nostra
810 731 912 759 aetate
946 726 1096 761 dubitatio
1130 727 1286 768 inhaeret,
1331 737 1496 771 qua-mnam
1530 727 1713 760 sententiam

194 788 400 830 antiquissimi
422 786 470 819 illi
492 786 659 828 scriptores
680 786 720 817 iis
742 786 847 817 inesse
867 784 1030 817 voluerint.

277 869 344 902 Huc
366 869 501 907 accedit,
532 868 614 911 quod
638 877 734 900 voces
756 867 975 906 intermediae,
1009 878 1065 910 per
1086 878 1216 911 quarum
1239 869 1353 901 seriem
1375 869 1552 901 continuam
1575 877 1595 899 a
1615 868 1715 910 prima

194 929 313 970 origine
342 928 383 960 ad
411 933 579 960 extremam
600 927 802 969 propaginem
823 925 1037 965 descenditur,
1072 928 1234 969 iniquitate
1256 932 1426 970 temporum
1446 937 1509 960 non
1529 935 1599 958 raro
1621 926 1715 958 inter-

194 986 342 1018 ciderunt.
402 985 485 1024 Quid
506 986 631 1022 mirum,
672 985 698 1016 si
724 985 921 1026 interpretes,
954 984 1008 1016 ubi
1030 986 1166 1026 vestigia
1187 985 1348 1023 deessent,
1381 994 1462 1027 quae
1486 989 1652 1026 sequentes
1675 984 1715 1015 ad

195 1044 292 1086 prima
313 1044 403 1076 initia
426 1042 660 1081 adscenderent,
683 1045 752 1075 sive
775 1052 814 1075 ex
835 1041 992 1085 probabili
1014 1042 1164 1076 dictorum
1187 1043 1350 1082 sententia,
1372 1044 1438 1076 sive
1461 1053 1500 1076 ex
1522 1042 1715 1075 derivatione

194 1112 320 1144 prorsus
343 1102 449 1134 aliena
467 1102 529 1133 imo
551 1100 703 1132 interdum
724 1088 920 1143 ineptis'sima
941 1102 1147 1142 coniecturam
1172 1102 1332 1144 capientes
1352 1102 1537 1143 longissime
1553 1103 1715 1134 averitate

195 1159 437 1192 aberraverunt?
467 1158 554 1198 Quae
577 1167 667 1200 quum
686 1158 732 1190 ita
752 1158 829 1196 sint,
851 1157 994 1200 equidem
1016 1169 1078 1191 non
1101 1158 1209 1197 video,
1233 1169 1329 1202 quare
1351 1161 1577 1203 vituperemus,
1598 1159 1626 1191 si
1644 1159 1714 1201 quis

196 1217 356 1250 abstrusas
389 1217 540 1259 quasdam
571 1216 799 1249 remotissimae
833 1219 943 1250 aetatis
980 1228 1074 1251 voces
1103 1219 1375 1260 interpretaturus,
1417 1224 1581 1261 postquam
1609 1218 1715 1250 omnia

195 1275 352 1312 subsidia,
389 1275 499 1316 quibus
527 1274 607 1305 hunc
635 1274 668 1305 in
689 1273 779 1305 finem
801 1275 844 1305 uti
867 1277 978 1317 potuit,
1014 1275 1166 1308 exhausta
1187 1280 1270 1313 sunt,
1304 1275 1345 1307 ad
1367 1277 1489 1317 copiam
1511 1275 1714 1307 dialectorum

195 1333 404 1365 semiticarum
425 1331 548 1364 tandem
572 1331 741 1373 confugiat.
785 1330 892 1374 Neque
914 1342 989 1365 vero
1012 1343 1068 1365 eas
1091 1333 1206 1365 frustra
1230 1334 1263 1364 in
1284 1333 1432 1365 auxilium
1453 1333 1643 1366 vocabimus.

277 1424 356 1457 Nam
375 1424 436 1455 tria
452 1423 645 1465 potissimum
662 1423 869 1456 emolumenta
886 1434 924 1456 ex
942 1426 1174 1467 comparatione
1189 1434 1295 1458 earum
1306 1424 1549 1467 proficiscuntur.
1580 1425 1714 1458 Primum

195 1485 276 1518 enim
306 1484 373 1525 eJus
401 1490 458 1525 ope
487 1490 583 1514 voces
612 1482 762 1515 semiticis
790 1482 934 1524 gentibus
960 1485 1104 1527 propriae
1132 1484 1369 1526 dignoscuntur,
1408 1493 1487 1526 quae
1512 1489 1618 1517 mut-ua
1635 1484 1716 1516 inter

196 1545 336 1578 Graecos
355 1546 385 1574 et
403 1539 539 1573 Semitas
563 1542 629 1573 sive
647 1542 825 1574 commercii
844 1543 910 1574 sive
929 1541 1005 1574 belli
1029 1543 1306 1576 communicatione
1325 1544 1357 1575 in
1373 1551 1523 1586 graecum
1540 1552 1716 1576 sermonem

193 1601 366 1637 translatae
389 1604 466 1631 sunt.
510 1598 648 1631 Plurima
669 1599 812 1642 exempla
833 1600 866 1631 in
889 1598 1079 1633 Graecorum
1099 1600 1190 1633 libris
1215 1606 1351 1640 exstant,
1388 1601 1474 1643 cujus
1496 1603 1624 1644 generis
1646 1606 1717 1633 sunt

194 1659 367 1701 ἀκινάκης,
400 1655 537 1698 βύσσος,
573 1655 706 1694 σινδών,
744 1656 841 1700 κάννη
872 1664 902 1691 et
959 1660 965 1666 '
1010 1659 1114 1693 multa.
1170 1659 1258 1699 Quae
1284 1670 1374 1702 quum
1396 1669 1503 1702 parum
1526 1660 1568 1692 ad
1589 1659 1714 1693 Homeri

196 1726 369 1751 sermonem
388 1717 552 1753 attineant,
584 1715 642 1748 hoc
670 1715 741 1749 loco
765 1718 1044 1759 praetermitnmus.

279 1801 419 1834 Alterum
442 1799 693 1839 emolumentum,
723 1800 805 1843 quod
828 1801 900 1833 inde
931 1801 1085 1845 capimus,
1120 1802 1152 1833 in
1185 1806 1225 1834 eo·
1249 1802 1380 1844 positum
1401 1806 1464 1839 est,
1499 1802 1582 1845 quod
1610 1801 1714 1834 verbis

195 1860 387 1906 quibusdam,
410 1869 538 1902 quorum
555 1862 738 1892 sententiam
755 1869 794 1892 ex
813 1860 964 1893 orationis
978 1865 1121 1893 contextu
1134 1865 1163 1893 et
1175 1860 1397 1893 consuetudine
1416 1870 1478 1893 non
1499 1862 1577 1893 satis
1593 1862 1712 1903 perspi—

197 1930 256 1954 cua
277 1924 340 1956 est,
373 1919 498 1961 saepius
528 1928 566 1952 ex
595 1920 745 1953 semiticis
766 1919 910 1959 dialectis
936 1918 990 1951 lux
1014 1917 1157 1961 affulget,
1193 1928 1256 1962 qua
1277 1924 1339 1952 tam
1361 1919 1490 1961 egregie
1511 1918 1713 1955 illustrantur,

195 1985 226 2011 ut
254 1976 387 2020 amplius
421 1976 459 2008 de
489 1987 594 2010 eorum
623 1987 719 2011 sensu
748 1977 883 2011 dubitari
913 1982 1056 2020 nequeat.
1120 1976 1267 2021 Exemplo
1301 1987 1339 2010 ex
1365 1977 1491 2011 Homeri
1522 1976 1712 2011 carminibus

197 2038 373 2080 deprompto
397 2034 456 2068 hoc
477 2036 610 2079 probare
634 2036 825 2070 conabimur.
1565 2025 1569 2028 ²

282 2119 372 2152 iliad.
394 2117 451 2150 IX.
473 2119 534 2151 201
556 2125 715 2159 narratur,
749 2119 950 2158 Phoenicem,
984 2119 1115 2161 Ajacem
1135 2124 1166 2152 et
1184 2118 1331 2161 Ulyssem
1351 2119 1392 2152 ab
1414 2119 1650 2161 Agamemnone
1674 2118 1713 2150 ad

203 2177 357 2212 Achillem
391 2176 513 2218 legatos
549 2180 690 2217 venisse,
731 2183 762 2211 ut
794 2187 863 2211 eum
891 2177 1021 2211 Atridae
1052 2178 1301 2212 reconciliarent.
1362 2177 1484 2211 Heroes
1516 2176 1713 2212 fortissimos,
