1875 2474
953 160 979 196 6

201 261 332 302 quorum
358 258 492 291 adventu
519 266 638 290 summo
664 256 780 299 gaudio
809 256 956 297 aflicitur,
990 257 1075 291 laute
1098 263 1129 292 et
1149 258 1318 293 honorifice
1341 263 1524 302 excepturus
1548 260 1723 295 Patroclum

200 317 251 350 his
271 316 378 350 verbis
402 315 584 359 alloquitur:

491 413 645 454 Μείζονα
667 413 707 458 δὴ
733 416 898 458 κρητῆρα,
930 413 1114 449 Μενοιτίου
1136 413 1204 454 υἱέ,
1237 413 1392 449 καθίστα.

490 470 687 517 Ζωρότερον
709 472 746 507 δὲ
768 471 898 515 κέραιεέ

281 572 396 605 Varias
407 572 496 604 vocis
510 570 615 615 ζωρὸς
626 571 861 615 explicationes,
873 581 952 615 quas
962 577 1086 605 veteres
1098 574 1280 616 interpretes
1291 572 1342 606 vel
1353 572 1532 606 laudabiles
1542 573 1594 607 vel
1604 574 1725 618 ineptas

197 632 468 673 excogitaverunt,
506 628 641 671 legimus
663 631 696 662 in
716 629 856 663 Eustath.
880 640 989 663 comm.
1010 629 1083 663 746.
1105 630 1157 663 40.
1176 640 1262 674 seqq.
1315 630 1382 663 Alii
1404 630 1597 674 explicarunt
1617 633 1726 669 vinum

198 691 372 722 multorum
394 696 571 723 annorum,
597 693 762 721 vetustum.
811 688 961 721 Derivant
982 697 1021 720 ex
1044 687 1128 727 ζῶον
1150 690 1276 726 (rectius
1298 698 1336 721 ex
1354 689 1459 721 ionico
1482 687 1569 729 ζώω)
1591 694 1623 725 et
1644 686 1725 733 ὥρα,

197 750 288 783 hora,
319 751 449 785 tempus.
494 744 595 783 Quam
616 746 844 788 ineptissimam
866 747 1000 779 omnium
1022 746 1305 788 interpretationem
1326 747 1457 778 missam
1471 745 1615 779 facimus.
1658 745 1724 779 Alii

197 803 391 847 interpretati
420 807 489 835 sunt
518 803 586 836 sive
616 802 657 835 ab
680 803 790 836 eadem
813 806 953 846 origine,
994 804 1060 837 sive
1088 804 1193 837 invitis
1221 804 1446 846 grammaticae
1466 802 1587 846 regulis
1610 813 1631 836 a
1654 803 1724 843 ζέω,

197 865 326 904 fervere,
350 861 529 893 derivantes
551 862 663 894 vinum
682 863 836 899 vividum,
859 863 1025 903 fervidum.
1069 861 1112 894 At
1131 871 1222 895 nemo
1242 861 1336 895 facile
1348 860 1397 894 his
1416 862 1614 894 assentietur.
1657 860 1723 894 Alii

195 924 305 955 *vinum
331 920 432 960 maqis
456 920 609 957 mixtum,
644 919 674 952 h.
707 930 734 952 e.
758 921 830 953 bene
850 922 985 954 mixtum
1006 919 1192 961 intelligunt.
1237 918 1326 959 Quod
1347 919 1501 962 quomodo
1522 924 1630 953 nostro
1651 919 1723 953 loco

195 980 377 1014 conveniat,
408 986 469 1017 ego
490 977 614 1018 quidem
635 987 699 1009 non
720 978 874 1019 intelligo.
928 977 1008 1009 Num
1029 979 1089 1009 rite
1110 978 1266 1009 mixtum?
1306 977 1348 1008 At
1366 979 1418 1019 qui
1436 976 1579 1009 Achilles
1600 978 1722 1019 epinari

194 1041 332 1080 poterat,
359 1034 538 1067 Patroclum
562 1035 638 1067 artis
659 1036 764 1067 vinum
786 1034 938 1068 miscendi
959 1039 1022 1067 tam
1044 1035 1217 1076 imperitum
1239 1034 1354 1073 fuisse,
1380 1039 1412 1067 ut
1432 1033 1493 1067 hoc
1509 1043 1579 1066 eum
1594 1044 1720 1068 monere

194 1103 272 1137 opus
290 1094 396 1125 esset?
426 1091 478 1123 An
495 1094 645 1131 parciore
666 1102 751 1133 aqua
774 1093 933 1125 mimum?
956 1092 998 1124 At
1021 1091 1174 1135 quomodo
1199 1100 1239 1124 ea
1264 1092 1312 1124 vis
1334 1091 1367 1124 in
1381 1092 1591 1135 comparativo
1614 1092 1719 1126 inesse

194 1148 306 1195 posiit,
346 1160 410 1182 non
439 1152 542 1191 magis
570 1151 673 1182 video.
736 1150 787 1182 Ad
815 1149 1035 1194 Empedoclem
1064 1155 1249 1193 provocant,
1292 1150 1378 1192 cujus
1405 1159 1516 1183 versus
1545 1154 1666 1184 exstant
1688 1151 1719 1183 in

195 1209 332 1242 Eustath.
356 1218 465 1240 comm.
489 1208 509 1239 l.
531 1218 557 1240 c.

401 1302 506 1349 Αἶφα
529 1305 566 1340 δὲ
587 1305 696 1349 θνητὰ
717 1305 841 1348 φύοντο
864 1306 905 1340 τὰ
926 1307 1005 1351 πρὶν
1027 1305 1140 1347 μάθον
1163 1305 1301 1340 ἀθάνατ’
1326 1303 1420 1344 εἶναι,

403 1362 507 1405 Ζωρά
533 1375 568 1396 τε
590 1363 632 1396 τὰ
652 1364 733 1407 πρὶν
754 1361 893 1407 ἷίκρητα.

194 1468 247 1501 ubi
271 1472 302 1499 ut
325 1464 509 1498 mortalibus
532 1464 730 1502 immortalia,
754 1466 801 1498 sic
825 1463 913 1507 ζωρὰ
935 1464 965 1497 h.
988 1474 1015 1497 e.
1040 1465 1135 1497 mixta
1152 1474 1214 1498 non
1225 1465 1327 1497 mixtis
1339 1465 1483 1508 opposita
1501 1470 1579 1497 sunt.
1612 1464 1717 1504 Quae-

192 1527 270 1558 ritur
300 1529 418 1560 autem,
453 1522 534 1554 unde
556 1521 764 1565 Empedocles
793 1532 851 1555 sua
877 1524 1035 1560 sumserit,
1072 1532 1144 1555 num
1169 1532 1208 1555 ex
1229 1523 1380 1556 communi
1404 1524 1557 1555 sermonis
1584 1532 1717 1556 consue-

193 1584 316 1620 tudine,
354 1591 395 1613 an
422 1590 461 1613 ex
490 1590 588 1623 prava
609 1580 736 1613 Homeri
758 1581 1033 1623 interpretatione?
1077 1579 1165 1619 Quae
1188 1581 1365 1622 conjectura
1383 1590 1446 1613 non
1468 1580 1547 1613 adeo
1568 1589 1717 1623 perversa

193 1640 350 1675 videbitur
369 1640 420 1677 iis,
449 1640 502 1681 qui
525 1639 618 1670 etiam
639 1638 842 1682 philosophos
866 1639 927 1671 dict
972 1648 1030 1671 sua
1051 1648 1071 1671 a
1092 1644 1185 1682 poe'ta
1207 1644 1361 1672 mutuatos
1384 1648 1456 1671 esse
1476 1648 1539 1672 non
1560 1639 1713 1681 ignorant.

193 1698 327 1732 Omnino
351 1701 453 1729 autem
474 1696 515 1729 ad
538 1697 777 1739 explicationem
795 1648 1029 1729 Homenssrum
1050 1697 1214 1730 verborum
1236 1707 1310 1730 usus
1334 1698 1525 1739 sequentium
1545 1702 1714 1739 temporum

192 1762 282 1790 caute
305 1754 500 1787 adhibendus
521 1759 578 1785 est.

277 1822 344 1854 Alii
374 1821 507 1863 denique
531 1818 637 1863 ζωρὸν
664 1820 854 1862 interpretati
878 1824 947 1852 sunt
966 1822 1097 1861 purius,
1138 1820 1167 1853 h.
1191 1831 1218 1854 e.
1240 1822 1386 1862 parciore
1407 1830 1492 1862 aqua
1512 1822 1714 1854 commioetum

192 1884 316 1916 vinum,
339 1888 469 1910 merum.
513 1877 581 1910 Hac
604 1877 752 1910 nobiliori
774 1878 899 1920 potione
915 1877 1058 1910 Achilles
1082 1878 1200 1911 amicos
1222 1888 1367 1912 recreare
1388 1878 1485 1912 voluit
1507 1883 1598 1921 atque
1616 1877 1714 1911 hono-

193 1948 278 1977 rare,
312 1939 418 1980 itaque
440 1936 587 1970 Patroclo
615 1935 786 1970 acclamat:
831 1934 941 1968 Vinum
963 1936 1068 1979 purius
1091 1938 1203 1970 misce!
1248 1936 1294 1971 Ex
1314 1942 1451 1971 veterum
1473 1936 1563 1970 libris
1587 1937 1712 1975 scimus,

192 1998 332 2030 Graecos
362 2005 449 2027 mero
476 2005 538 2028 non
567 2004 696 2038 prorsus
726 1993 915 2026 abstinuisse
944 1994 1005 2026 imo
1039 1995 1188 2037 quosdam
1212 1997 1278 2038 ejus
1299 2001 1362 2029 tam
1384 1995 1513 2039 cupidos
1535 1995 1647 2033 fuisse,
1681 2000 1713 2027 ut

190 2057 285 2088 nimio
303 2053 485 2098 poculorum
504 2062 633 2085 numero
656 2057 784 2085 mortem
807 2051 869 2084 sibi
891 2053 1131 2086 consciscerent.
1175 2053 1350 2087 Herodotus
1372 2053 1571 2087 historiarum
1593 2051 1647 2085 lib.
1661 2051 1710 2084 vt.

190 2124 257 2156 cap.
290 2112 332 2145 84
368 2117 499 2149 narrat,
545 2110 744 2144 Cleomenem
778 2109 1063 2142 Lacedaemonium
1099 2112 1175 2144 meri
1211 2117 1313 2154 potum
1350 2121 1369 2144 a
1402 2111 1518 2153 legatis
1553 2109 1709 2152 Scythicis

189 2171 331 2204 edoctum
357 2170 465 2202 fuisse.
527 2168 605 2202 Num
632 2178 707 2202 vero
730 2167 915 2201 Cleomenes
938 2168 1058 2202 demum
1083 2179 1103 2202 a
1126 2168 1252 2211 Scythis
1275 2170 1431 2207 didicerit,
1466 2170 1542 2216 meri
1567 2178 1709 2211 saporem
