1875 2474
975 174 999 208 7

224 279 288 312 vini
308 278 479 313 dulciorem
500 285 588 314 esse,
622 275 680 309 alii
707 274 785 307 meri
807 274 1014 317 sapientiores
1036 272 1185 316 Judicent.
1232 271 1302 315 Ego
1326 273 1407 305 enim
1428 271 1679 306 dissertationem
1701 272 1740 305 de

224 337 311 369 sonis
332 340 363 369 et
384 336 494 368 formis
514 333 681 368 verborum
707 333 826 375 potius,
866 342 958 375 quam
979 331 1018 364 de
1041 341 1188 364 sensuum
1208 330 1418 374 voluptatibus
1442 330 1583 364 scribens
1603 330 1741 363 lectores

220 394 286 426 vini
306 393 470 427 virtutibus
491 402 554 425 non
581 390 695 423 diutius
716 389 872 423 morabor.
913 388 981 423 Hoc
1003 399 1097 422 unum
1116 389 1253 431 adjicere
1274 388 1386 426 liceat,
1417 387 1608 421 Venusinam
1628 393 1740 427 vatem,

220 453 283 486 nisi
303 453 408 497 opinio
429 450 527 489 fallit,
553 448 632 481 illud
653 449 725 482 tolle
747 458 868 481 merum
888 446 1083 493 exHomero
1104 447 1295 491 depromtum
1316 447 1349 479 in
1371 456 1461 480 suum
1482 456 1571 480 usum
1594 446 1738 479 vertisse.

303 510 422 554 Ζωρὸν
453 509 550 550 igitur
579 516 701 549 purum
732 512 789 540 est.
856 506 947 546 Quod
976 517 1068 550 quum
1101 507 1199 549 ipsius
1234 505 1299 539 loci
1330 506 1458 539 excitati
1490 510 1521 538 et
1550 505 1738 539 testimoniis

218 572 357 601 veterum
376 565 602 609 comprobetur,
622 570 685 598 tum
707 575 783 598 vero
795 564 981 598 semitarum
1003 574 1146 598 sermone
1162 565 1207 597 ita
1224 563 1431 602 confirmatur,
1451 568 1484 596 ut
1502 563 1585 606 quod
1604 563 1738 606 amplius

219 625 388 662 dubitetur,
415 633 581 667 superesse
602 633 665 656 non
686 622 838 657 videatur.
1661 638 1663 640 ·

302 681 406 714 Radix
429 691 486 724 per
506 691 614 714 omnes
636 681 789 715 dialectos
811 682 989 714 semitarum
1013 685 1187 724 propagata
1208 679 1265 713 fuit
1286 686 1374 719 ’πε-ιω,
1410 687 1546 721 purum,
1586 679 1739 712 mundum

218 748 300 775 esse,
330 747 394 782 qua
415 748 484 771 cum
506 738 639 771 aliarum
659 749 779 778 rerum,
806 744 869 771 tum
890 740 987 772 animi
1008 739 1135 771 humani
1158 738 1326 770 candorem
1347 742 1378 770 et
1397 737 1609 770 sinceritatem
1630 736 1738 769 decla-

215 795 339 830 rabant.
380 795 488 839 Neque
508 800 613 829 tamen
633 806 704 829 eam
723 797 853 840 primam
874 802 905 830 et
924 797 1062 830 nativam
1071 796 1161 830 verbi
1170 798 1328 830 notionem
1337 795 1447 834 fuisse,
1468 794 1565 827 facile
1578 794 1738 832 concedet,

214 855 268 897 qui
288 863 409 887 mecum
427 855 622 897 reputaverit,
650 854 801 893 homines,
825 865 917 898 quum
938 856 1092 888 sermonis
1112 855 1203 887 initia
1223 854 1400 893 conderent,
1422 863 1464 887 ea
1484 854 1618 886 maxime
1638 852 1739 885 verba

214 921 394 956 usurpasse,
408 911 519 955 quibus
533 921 586 945 res
596 913 742 946 sensibus
752 918 916 957 perceptae
927 914 1147 952 indicarentur,
1160 922 1261 956 eaque
1273 912 1420 955 deinceps
1431 911 1472 945 ad
1483 912 1590 945 omnia
1600 915 1738 949 caetera,

215 979 296 1012 quae
318 980 340 1002 a
360 980 506 1003 sensuum
526 972 724 1014 perceptione
746 971 963 1011 abhorrerent,
989 972 1144 1005 translata
1164 981 1247 1004 esse.
1278 969 1411 1003 Exstant
1430 979 1507 1003 vero
1527 968 1628 1013 prima
1648 968 1736 1002 illius

215 1027 304 1060 vocis
331 1028 467 1069 vestigia
489 1029 523 1060 in
550 1027 765 1061 Hebraeorum
791 1034 878 1066 ῆι-ικ,
914 1028 983 1066 lux,
1024 1028 1188 1071 splendor,
1223 1034 1363 1067 :am-nt,
1397 1027 1514 1070 duplex
1540 1027 1609 1065 lux,
1643 1027 1738 1059 meri-

215 1084 300 1122 dies,
344 1088 375 1116 et
397 1085 432 1116 in
452 1085 592 1117 Arabum
612 1087 771 1122 dsahara,
813 1087 928 1118 ardore
950 1086 1039 1118 laesit
1062 1086 1151 1126 (sol).
1194 1085 1265 1117 Lux
1284 1085 1363 1118 solis
1381 1084 1524 1118 omnibus
1545 1083 1737 1127 temporibus

213 1143 318 1183 imago
343 1142 401 1174 suit
419 1143 489 1184 puri
510 1147 541 1174 et
561 1144 651 1181 casti,
680 1148 773 1186 atque
794 1148 827 1177 ut
849 1153 906 1186 per
927 1153 1034 1176 omnes
1055 1147 1157 1176 terras
1179 1141 1366 1181 diffunditur,
1391 1142 1437 1175 ita
1458 1151 1580 1185 quoque
1600 1142 1735 1176 omnium

211 1204 363 1232 terrarum
390 1204 501 1241 gentes
533 1200 701 1233 candorem
733 1202 801 1243 ejus
834 1201 875 1234 ad
909 1200 991 1234 alias
1019 1210 1072 1234 res
1101 1199 1324 1234 transtulerunt
1350 1204 1463 1235 natura
1492 1209 1552 1233 sua
1579 1208 1674 1244 puras
1702 1205 1734 1233 et

211 1256 363 1289 sinceras.
396 1255 468 1288 Jam
489 1257 518 1289 si
538 1266 645 1289 verum
665 1263 723 1298 est,
745 1257 883 1292 Semitas
900 1257 998 1291 verbo
1009 1265 1082 1291 *urm
1094 1267 1161 1290 rem
1172 1262 1203 1290 et
1213 1257 1368 1291 lucentem
1378 1262 1410 1291 et
1422 1267 1531 1301 puram
1541 1258 1734 1296 nominasse,

210 1313 317 1356 quidni
345 1313 434 1346 verbi
459 1313 579 1357 Ζωρὸν
608 1315 742 1349 eandem
769 1317 833 1350 vim
861 1321 892 1349 et
916 1325 1005 1349 usum
1031 1316 1131 1349 fuisse
1153 1318 1347 1348 statuamus?
1387 1314 1457 1348 Vox
1484 1316 1581 1358 igitur
1608 1315 1666 1347 fuit
1694 1324 1734 1347 ex

211 1371 316 1413 prisco
339 1380 419 1403 aevo
441 1371 483 1403 ad
505 1381 641 1413 graecas
659 1378 771 1415 gentes
792 1374 923 1412 tradita,
946 1382 1027 1416 quae
1043 1375 1111 1415 jam
1131 1372 1259 1406 Homeri
1281 1377 1384 1405 aetate
1405 1372 1579 1405 obsoletior
1597 1372 1732 1415 ideoque

210 1429 252 1462 ad
278 1429 400 1471 epicum
428 1438 603 1463 sermonem
630 1440 724 1473 quam
754 1431 796 1465 ad
815 1431 978 1475 vulg-arem
1001 1431 1142 1474 linguam
1163 1431 1265 1474 aptior
1284 1435 1355 1474 post
1378 1441 1448 1464 eum
1469 1430 1591 1463 demum
1614 1439 1653 1462 ex
1672 1439 1733 1463 usu

210 1492 241 1520 et
261 1487 413 1520 memoria
433 1487 557 1520 excidit.
612 1486 751 1524 Semitae
779 1495 899 1530 autem,
935 1490 977 1523 ad
1005 1500 1084 1533 quos
1111 1500 1149 1523 ex
1172 1489 1383 1523 remotissima
1409 1494 1511 1523 aetate
1538 1494 1732 1533 pervenerat,

209 1554 279 1579 eam
311 1546 501 1578 retinuerunt
533 1550 564 1578 et
601 1547 643 1580 ad
674 1547 787 1581 multas
822 1547 905 1581 alias
939 1548 1084 1581 notiones
1119 1546 1310 1580 deflexerunt
1334 1548 1395 1586 ita,
1435 1553 1469 1581 ut
1493 1549 1527 1580 in
1556 1547 1731 1590 originibus

207 1612 315 1636 eorum
334 1602 423 1645 prole
444 1602 611 1637 uberrimis
630 1609 816 1639 numeretur.

291 1660 363 1695 Jam
384 1661 425 1695 ad
444 1662 568 1695 tertiam
589 1662 752 1696 utilitatem
774 1663 981 1703 transeamus,
1006 1672 1087 1706 quae
1108 1673 1149 1695 ex
1173 1663 1308 1696 semitici
1329 1664 1481 1697 sermonis
1494 1663 1729 1706 comparatione

209 1722 331 1761 captam
351 1719 393 1751 ad
413 1720 698 1762 interpretationem
718 1731 904 1763 graecorum
927 1721 1080 1754 librorum
1101 1721 1306 1755 conferemus.

291 1774 398 1810 Verba
413 1777 508 1811 etiam
525 1778 559 1810 in
574 1787 693 1820 graeco
715 1787 859 1811 sermone
880 1779 1090 1822 reperiuntur,
1113 1788 1194 1821 quae
1216 1779 1276 1810 etsi
1297 1778 1425 1810 diversa
1445 1778 1610 1811 admodum
1628 1779 1728 1820 signi·

204 1833 310 1872 ficant,
353 1839 458 1868 tamen
488 1837 570 1869 inter
600 1846 637 1869 se
665 1835 836 1870 cohaerere
869 1842 900 1870 et
932 1837 974 1870 ad
1008 1837 1166 1870 notionem
1196 1836 1336 1880 aliquam
1364 1835 1506 1894 omniVs
1535 1846 1727 1870 communem

206 1891 336 1925 attinere
358 1892 511 1926 videntur.
544 1892 700 1927 Interdum
719 1895 874 1928 sententia
895 1904 1002 1928 eorum
1025 1894 1115 1927 clara
1136 1899 1185 1927 est
1206 1899 1298 1937 atque
1318 1895 1493 1937 perspicua,
1515 1900 1548 1927 ut
1567 1900 1666 1927 utrum
1684 1894 1726 1927 ad

204 1950 363 1984 notionem
385 1950 475 1984 illam
495 1952 711 1995 respiciamus,
731 1962 791 1987 nec
814 1963 865 1994 ne,
885 1963 948 1987 non
969 1952 1050 1987 adeo
1071 1952 1198 1986 multum
1218 1952 1349 1987 intersit.
1391 1952 1435 1985 At
1455 1958 1527 1986 sunt
1544 1952 1611 1986 alia
1622 1953 1727 1995 magis

206 2007 342 2042 obscura
359 2013 392 2042 et
416 2008 521 2049 dubia,
551 2020 631 2054 quae
652 2012 715 2045 nisi
735 2012 862 2046 notione
883 2011 991 2054 aliqua
1011 2012 1147 2051 inventa,
1177 2014 1211 2045 in
1230 2012 1318 2054 cnjus
1338 2016 1458 2054 partem
1481 2012 1608 2054 singula
1629 2021 1728 2054 quae-

92 2049 105 2051 .‚
148 2074 150 2076 ’
206 2074 265 2109 que
285 2066 422 2106 veniant,
446 2068 617 2103 incertiora
637 2074 762 2103 manent
785 2075 816 2104 et
837 2070 1058 2104 dubitationem
1078 2069 1264 2113 relinquunt.
1308 2068 1398 2109 Quae
1426 2080 1487 2113 quo
1506 2071 1631 2103 rariora
1656 2074 1727 2102 sunt

208 2128 240 2157 et
262 2133 283 2157 a
302 2123 427 2166 vulgari
451 2128 605 2161 sermonis
626 2138 686 2162 usu
706 2129 809 2171 magis
830 2129 952 2167 aliena,
977 2129 1023 2161 ita
1041 2129 1178 2162 maxima
1198 2128 1237 2161 de
1259 2128 1300 2161 iis
1322 2128 1473 2162 dubitatio
1495 2129 1612 2161 exorin'
1634 2127 1726 2161 solet.

203 2180 360 2217 Interdum
385 2188 490 2220 tamen
513 2186 652 2222 adhibito
671 2188 826 2223 sermonis
847 2187 981 2223 semitici
1003 2186 1120 2221 auxilio
1142 2186 1299 2220 notionem
1320 2186 1460 2231 aliquam
1480 2185 1625 2221 omnibus
1641 2195 1727 2220 com—
