1875 2474
895 169 941 202 ll

246 271 357 305 Tertia
383 270 478 312 igitur
510 278 571 303 vox
602 273 666 307 est,
708 276 789 311 quae
820 275 889 301 cum
920 266 1042 301 duabas
1072 265 1152 304 illis,
1197 266 1235 298 de
1271 266 1383 309 quibus
1416 271 1508 298 antea
1535 266 1677 301 diximus,

164 329 335 363 litterarum
354 329 477 372 quidem
498 336 576 363 sono
587 327 753 371 discrepat,
774 326 928 360 sententia
948 331 1052 359 autem
1063 336 1122 360 sua
1132 326 1174 359 ad
1185 334 1377 359 communem
1387 324 1530 357 omnibus
1542 322 1679 356 notionis

162 387 276 421 fontem
297 373 446 421 revocata
465 389 511 421 ita
531 387 598 419 fere
620 386 770 428 congruit,
794 389 827 417 ut
847 386 874 417 si
896 385 976 418 haec
995 395 1091 419 voces
1113 387 1194 418 int-er
1211 396 1246 418 se
1268 388 1483 428 comparentur
1506 387 1537 414 et
1560 392 1600 414 ex
1627 390 1676 418 ea,

163 455 242 489 quae
264 445 406 479 omnibus
428 447 518 483 inest,
540 444 620 477 lucis
644 444 769 477 notione
792 443 1004 486 dijudicentur,
1027 444 1123 477 aliam
1141 444 1207 476 alia
1228 443 1379 486 explicari
1401 442 1563 475 videamus
1585 444 1676 482 atque
1691 448 1702 457 '

161 503 321 537 illustrari.

245 561 312 594 Hac
333 560 524 602 expositione
548 559 717 594 lectoribus
737 560 927 603 persuadere
952 560 1054 600 volui,
1096 561 1163 592 fieri
1193 570 1303 602 posse,
1348 565 1381 591 ut
1409 557 1546 590 adhibito
1575 555 1678 587 Semi-

162 625 261 652 tarum
282 627 425 651 sermone
447 618 587 651 familiae
608 619 664 659 (sit
684 618 778 651 venia
798 618 894 651 verbo
903 620 924 657 !)
945 618 1111 651 verborum
1132 627 1316 661 graecorum
1334 617 1521 653 condantur,
1548 623 1677 655 quarum

162 675 317 719 singulae,
338 685 434 709 voces
455 677 595 719 quamvis
608 677 696 718 ¹inter
716 686 752 708 se
774 676 927 715 diversae,
950 678 1102 709 communi
1123 682 1227 709 tamen
1249 676 1357 718 aliqua
1379 676 1514 712 notione,
1538 674 1594 705 abs
1616 681 1678 714 qua

164 734 350 774 derivantur,
372 740 527 778 tamquam
548 737 744 778 cognationis
764 735 888 768 vinculo
911 736 1093 777 conjunctae
1117 736 1290 768 arctissime
1312 734 1489 769 cohaerent.
1534 730 1636 771 Quam
1650 731 1678 763 si

163 789 443 835 exploraverimus,
473 803 513 826 ea
534 794 574 826 ad
597 796 821 827 accuratiorem
838 794 1019 833 verborum,
1042 795 1082 827 de
1103 794 1214 837 quibus
1235 794 1335 827 adhuc
1357 792 1559 834 ambiguitur,
1582 791 1677 822 inter-

162 852 364 892 pretationem
389 852 514 884 multum
546 863 604 885 nos
634 853 801 894 adjuvabit.
863 853 954 892 Quod
983 863 1052 885 cum
1080 852 1221 895 exemplo
1246 853 1473 889 demonstrare,
1511 858 1574 882 non
1593 847 1675 880 libro
1726 875 1729 878 ⁴

163 909 322 952 amplioris
343 910 508 942 voluminis
533 916 723 953 pertractare
743 910 932 953 propositum
953 911 1061 950 fuerit,
1091 922 1173 945 nunc
1197 911 1373 944 disserendi
1394 909 1485 943 finem
1509 908 1636 940 faciam·

244 967 354 1001 Restat
375 970 473 1007 enim,
501 974 534 1001 ut
554 968 690 1008 VOBIS,
720 968 933 1002 CIVITATIS
955 967 1170 1009 HUJUSQUE
1187 967 1309 1002 URBIS
1327 965 1544 1001 PROCERES
1563 963 1679 999 NOBI-

161 1024 336 1065 LISSIMI,
381 1025 632 1060 GURATORES
658 1026 800 1066 ATQUE
829 1026 1116 1060 INSPECTORES
1146 1025 1353 1060 GYMNASII
1381 1024 1530 1059 SUMME
1555 1022 1677 1056 REVE-

160 1082 300 1123 RENDI,
346 1084 613 1124 AMPLISSIMI,
653 1084 818 1124 VOSQUE
855 1084 999 1118 OMNES
1027 1084 1307 1118 LITTERARUM
1335 1080 1676 1122 SCHOLARUMQUE

162 1142 347 1175 PATRONI
369 1143 425 1175 AC
448 1143 686 1183 FAUTORES,
723 1138 817 1177 sacra
837 1145 1069 1183 anniversaria,
1100 1154 1180 1186 quae
1201 1144 1252 1177 die
1274 1144 1432 1187 praedicto
1455 1145 1487 1176 in
1507 1140 1678 1184 Josephino

162 1207 268 1234 nostro
284 1202 529 1241 celebrabimus,
551 1203 734 1236 indicamus.
790 1203 885 1246 Cujus
907 1203 1073 1236 laetissimi
1097 1203 1159 1236 diei
1181 1202 1392 1246 splendorem,
1425 1206 1457 1235 ut
1478 1201 1591 1234 Vestra
1615 1202 1677 1232 fre—

163 1261 288 1303 quentia
310 1262 467 1302 augeatis,
494 1271 549 1300 ea,
577 1272 639 1304 qua
662 1271 720 1305 par
739 1267 804 1301 est,
829 1263 942 1305 pietate
965 1267 995 1295 et
1015 1262 1205 1295 verecundia
1223 1271 1381 1304 rogamus.
1454 1259 1460 1261 ”

244 1318 413 1352 Prodihunt
434 1324 536 1353 autem
557 1320 654 1353 verba
675 1320 788 1353 facturi
809 1326 940 1363 quatuor
959 1322 1078 1364 primae
1100 1321 1258 1362 gymnasii
1274 1320 1398 1359 classis,
1424 1329 1517 1363 quam
1528 1319 1675 1351 selectam

161 1382 286 1415 vocant,
317 1378 402 1410 cives
422 1378 483 1411 hoc
501 1379 627 1411 ordine:

286 1435 367 1468 Joh.
400 1434 574 1469 Frieder.
602 1436 695 1470 Dan.
723 1436 1003 1476 Fluhrschiitz,
1041 1437 1323 1480 mmmm-gensis,
1366 1437 1464 1470 Ulrici
1494 1435 1617 1468 Hutteni
1645 1437 1677 1466 in

370 1493 490 1528 litteras
522 1494 722 1528 humanitatis
754 1500 784 1528 et
815 1497 848 1528 in
880 1506 1039 1529 sacrorum
1068 1501 1243 1530 nostrorum
1268 1497 1524 1529 instaurationem
1550 1495 1677 1527 meritas

372 1555 513 1586 oratione
534 1554 635 1587 latina
657 1554 807 1588 laudabit.
1226 1594 1229 1597 Δ

286 1610 374 1644 Ern.
396 1611 544 1645 Theod.
569 1612 717 1657 GopeL
750 1612 1028 1657 Altenhurgensis,
1057 1615 1095 1648 de
1117 1624 1203 1648 more
1222 1615 1461 1658 Aegyptiorum,
1489 1614 1528 1645 de
1551 1612 1680 1645 mortuis

366 1669 486 1712 J'udicia
505 1670 642 1705 habendi
664 1673 805 1706 oratione
826 1674 1009 1716 germanica
1029 1673 1120 1706 dicet.

287 1727 512 1763 Thankmar
550 1731 593 1763 de
628 1731 877 1771 Planckner‚
918 1732 1197 1776 Altenburgensis,
1238 1734 1460 1776 temperantiae
1484 1730 1595 1763 laudes
1619 1729 1679 1761 oda

161 1788 259 1821 latina
282 1792 380 1821 canet.

286 1845 369 1878 Car.
392 1845 478 1880 Ern.
499 1846 611 1880 Wilh.
634 1847 805 1888 Krause,
834 1849 1105 1893 Altenhurgensis,
1126 1850 1297 1884 Friederici
1313 1850 1531 1884 Barbarossae
1551 1852 1677 1881 mortem

366 1906 508 1940 narrabit
529 1908 666 1940 carmine
687 1909 877 1951 germanico.

246 1966 383 2006 Quorum
414 1965 659 2000 adolescentium
686 1967 803 2010 primos
831 1967 955 2000 dicendi
984 1973 1114 2001 conatus
1141 1968 1377 2003 benevolentiae
1407 1974 1438 2002 et
1467 1967 1677 2010 indulgentiae

161 2022 292 2058 Vestrae
314 2026 407 2060 etiam
433 2030 524 2069 atque
546 2025 640 2058 etiam
663 2025 923 2059 commendamus.
