1875 2474
274 746 418 804 Homeri
445 771 584 803 earmina
610 769 753 812 legentes
780 770 813 802 in
834 770 991 803 vocabula
1011 770 1130 813 passim
1150 770 1350 808 incurrimus,
1388 778 1517 812 quorum
1541 772 1704 809 sententia,

190 836 280 871 quum
302 836 360 861 nec
381 833 518 861 veterum
540 827 863 867 commentationibus,
893 838 994 871 neque
1016 832 1144 860 nostrae
1166 829 1279 860 aetatis
1301 827 1402 860 studio
1423 832 1454 860 et
1467 827 1610 862 doctrina
1625 830 1703 862 satis

188 884 343 928 explicata
363 886 438 924 sint,
461 885 512 918 vel
534 885 627 918 hodie
649 887 682 918 in
703 886 957 929 disceptationem
977 886 1085 918 vocari
1094 895 1189 928 posse
1199 886 1371 918 videantur.
1413 884 1528 917 Forma
1544 895 1651 919 eorum
1671 893 1702 919 et

190 944 388 985 compositio,
432 944 586 986 asperitas
614 948 644 976 et
672 943 825 976 barbarus
854 953 950 976 sonus
982 952 1003 975 a
1034 942 1157 985 legibus
1187 948 1218 975 et
1247 944 1401 976 suavitate
1422 944 1532 985 graeci
1552 946 1705 977 sermonis

187 1006 302 1033 tantum
324 1001 507 1038 abhorrent,
530 1007 561 1033 ut
582 1001 677 1034 facile
698 1001 905 1043 intelligatur,
928 1011 984 1034 cur
1000 1001 1201 1043 interpretes,
1221 1002 1250 1033 si
1272 1001 1465 1034 accesserint
1485 1001 1537 1034 vel
1551 1001 1593 1035 ad
1608 1003 1705 1045 origi-

188 1069 257 1093 nem
280 1069 385 1092 eorum
407 1058 645 1101 explorandam,
681 1059 732 1091 vel
754 1059 795 1092 ad
815 1060 1051 1101 grammaticam
1071 1059 1223 1092 rationem
1244 1058 1471 1102 indagandam,
1498 1059 1550 1091 vel
1571 1059 1704 1102 denique

187 1117 228 1149 ad
250 1117 409 1150 notionem
437 1125 544 1148 eorum
568 1116 802 1155 inveniendam,
833 1116 905 1150 ideo
927 1117 1066 1160 quidem,
1098 1117 1197 1159 quod,
1229 1116 1419 1160 reliquarum
1440 1116 1617 1158 linguarum
1645 1128 1704 1161 ope

186 1174 341 1217 neglecta,
364 1175 469 1206 omnia
489 1183 528 1206 ex
548 1174 658 1215 graeci
680 1174 834 1207 sermonis
844 1184 903 1207 usu
913 1179 1053 1217 repetere
1066 1174 1268 1213 conabantur,
1289 1184 1398 1218 parurn
1412 1180 1466 1207 aut
1483 1174 1562 1207 nihil
1580 1176 1705 1208 omnino

186 1232 380 1275 profecerint.
425 1230 516 1270 Quod
537 1232 565 1263 si
586 1232 662 1264 viris
683 1232 810 1273 ingenio
833 1237 863 1264 et
884 1231 1027 1264 doctrina
1046 1242 1122 1274 prae
1145 1233 1280 1265 caeteris
1298 1231 1525 1265 excellentibus
1548 1233 1704 1266 accidisse

188 1292 346 1328 videmus,
394 1299 457 1322 non
486 1288 682 1327 mirabimur,
733 1289 815 1332 qnod
849 1289 906 1321 alii
941 1289 980 1321 de
1011 1289 1149 1322 feliciori
1183 1298 1334 1323 successu
1363 1288 1568 1332 desperantes
1603 1290 1705 1323 inutili

186 1348 294 1381 labore
317 1347 490 1386 abstinere,
522 1357 615 1390 quam
636 1347 757 1390 ineptas
779 1352 809 1380 et
831 1346 937 1380 futiles
958 1347 1129 1380 sententias
1151 1348 1332 1390 excogitare
1354 1347 1537 1380 maluerunt.

268 1406 310 1439 At
331 1414 394 1438 non
416 1405 529 1444 omnia,
552 1414 632 1448 quae
654 1403 781 1437 Homeri
801 1404 967 1438 lectionem
986 1411 1152 1444 morantur,
1172 1406 1217 1437 ita
1238 1410 1308 1437 sunt
1319 1410 1508 1448 comparata,
1529 1409 1561 1437 ut
1575 1415 1702 1448 sperare

185 1474 248 1498 non
265 1463 375 1503 liceat,
403 1462 486 1503 fore,
511 1468 543 1496 ut
558 1462 749 1506 diligentiori
764 1463 980 1506 inquisitione,
1011 1473 1091 1506 quae
1105 1463 1253 1506 impedita
1266 1468 1350 1501 sunt,
1380 1463 1598 1505 expediantur,
1621 1475 1702 1507 quae

187 1522 371 1556 obscuriora
392 1526 478 1559 sunt,
512 1530 593 1554 novo
622 1521 737 1553 lumine
767 1521 890 1553 admoto
919 1521 1111 1553 illustrentur
1131 1521 1361 1562 discussisque,
1404 1520 1515 1562 quibus
1537 1521 1704 1556 involvitur

183 1585 339 1619 vetustas,
366 1578 518 1618 tenebris,
542 1580 577 1627 in
600 1579 689 1611 clara
709 1579 779 1611 luce
802 1579 959 1612 collocata
981 1585 1160 1621 appareant.
1203 1577 1309 1616 Viam,
1345 1587 1408 1620 qua
1428 1578 1634 1612 incedendum
1655 1586 1703 1613 est

183 1638 341 1676 omnibus,
375 1638 428 1679 qui
450 1637 488 1669 de
521 1647 664 1670 sermone
686 1636 851 1670 Homerico
873 1637 1056 1680 disputaturi
1076 1641 1160 1674 sunt,
1195 1634 1241 1668 Cl.
1262 1634 1464 1670 Buttmannns
1485 1637 1626 1680 praeivit.
1670 1637 1701 1671 Is

183 1698 264 1728 enim
290 1696 339 1727 vir
365 1696 499 1728 omnium
519 1693 836 1738 γραμματικώτατος
855 1706 947 1738 quum
969 1693 1154 1737 Lexilogum
1175 1694 1402 1734 conscriberet,
1433 1700 1579 1737 quantum
1599 1705 1701 1739 sagax

184 1755 353 1797 eademque
375 1754 600 1797 circumspecta
618 1754 838 1797 interpretatio,
859 1752 912 1786 ubi
932 1758 1096 1797 praeterea
1114 1751 1325 1796 amplissimae
1337 1752 1520 1786 eruditionis
1532 1760 1699 1798 apparatus

182 1818 307 1856 praesto
336 1817 434 1851 esset,
474 1818 536 1845 tum
563 1813 604 1845 ad
633 1822 756 1846 errores
778 1817 901 1845 veteres
924 1811 1145 1849 removendoS,
1188 1816 1251 1844 tum
1269 1810 1310 1843 ad
1337 1811 1404 1844 veri
1427 1811 1698 1854 investigationem

182 1871 311 1910 valeret,
331 1870 471 1914 plurimis
487 1871 764 1914 praestantissimis
784 1870 934 1914 exemplis
956 1869 1175 1913 comprobavit.
1238 1868 1274 1901 In
1297 1879 1335 1902 eo
1357 1874 1460 1902 tamen
1479 1872 1529 1902 vir
1550 1871 1607 1910 cl.,
1635 1881 1698 1904 non

182 1931 284 1963 dicam
304 1929 503 1972 peccavisse,
542 1929 574 1961 id
595 1929 678 1961 enim
698 1933 781 1961 vetat
802 1929 971 1967 modestia,
1006 1934 1038 1961 at
1062 1928 1219 1961 desiderio
1248 1932 1354 1961 nostro
1385 1926 1524 1961 defuisse
1545 1928 1697 1967 videatur,

181 1988 263 2032 quod
295 1989 525 2030 comparatione
558 1987 760 2021 dialectorum
792 1988 1001 2020 semiticarum
1032 1987 1178 2035 neglecta
1205 1987 1405 2030 quaestiones
1433 1996 1508 2019 suas
1540 1996 1579 2019 ex
1607 1988 1698 2020 unius

180 2047 288 2089 graeei
310 2047 462 2080 sermonis
484 2055 593 2079 norma
613 2051 643 2079 et
663 2045 786 2088 legibus
809 2046 968 2080 construit.

263 2105 373 2146 Longe
395 2105 518 2147 quidem
539 2104 647 2138 absum
669 2104 708 2137 ab
730 2103 854 2138 illorum
875 2104 1030 2147 opinione,
1053 2105 1106 2147 qui
1126 2111 1298 2149 propterea,
1322 2102 1403 2145 quod
1414 2112 1478 2135 non
1488 2111 1589 2145 pauca
1599 2101 1696 2135 verba

183 2174 260 2197 sono
289 2169 318 2197 et
344 2162 570 2205 significatione
591 2162 750 2196 simillima
771 2172 888 2205 graeco
914 2166 944 2195 et
966 2162 1106 2200 semitico
1128 2166 1263 2199 sermoni
1284 2161 1460 2194 communia
1480 2166 1603 2199 essent,
1637 2160 1696 2193 has

1394 2219 1411 2250 l
1425 2222 1439 2236 t
