1875 2474
930 192 978 226 10

188 288 225 321 ll.
248 287 305 322 XI.
329 289 378 322 16.
404 288 484 323 haec
506 288 617 322 habet:
647 287 766 324 Ἰστέον
788 290 841 327 δε,
864 286 910 328 ὡς
930 287 962 323 εἶ
983 290 1039 324 καὶ
1059 288 1197 334 νώροπα
1219 289 1405 334 κοινότερον
1425 292 1547 333 χαλκὸν
1565 294 1714 336 λέγουσιν

189 345 221 380 οἱ
249 347 378 380 παλαοί
405 347 462 381 τὸν
493 346 730 390 λαμπρότατον
758 345 815 381 διὰ
843 346 881 382 τὸ
906 350 1034 392 στερεῖν
1054 349 1114 382 τοῦ
1135 348 1217 391 δρᾶν
1237 348 1294 391 τὴν
1315 344 1398 391 ἷίψιν
1419 352 1460 393 τῇ
1482 350 1519 390 ἒξ
1540 349 1643 385 αὐτοῦ
1666 350 1713 390 ὥς

189 401 263 438 οἷον
286 403 485 450 ἇστραπαίᾳ
506 403 728 449 στιλπνότητι.
773 405 925 449 Apparet,
948 417 1017 440 eum
1040 412 1182 450 putasse,
1209 406 1270 440 hoc
1291 407 1417 440 verbum
1439 417 1477 441 ex
1499 407 1554 452 νή,
1583 407 1666 454 ὅρᾷν
1685 416 1714 444 et

189 460 274 507 ἶίψις
297 466 499 508 compositum
521 473 602 497 esse.
668 465 710 497 At
735 473 825 508 quam
848 466 942 504 mira,
987 466 1049 499 imo
1077 475 1168 509 quam
1197 464 1336 499 barbara
1358 467 1397 499 sit
1418 476 1459 500 ea
1480 466 1714 509 conglutinatio,

190 531 280 555 nemo
303 532 366 555 non
387 522 481 556 videt.
536 523 715 561 memoras,
748 524 799 557 vir
821 522 859 556 de
881 523 993 557 litteris
1015 525 1142 565 graecis
1166 524 1398 562 meritissimus,
1432 529 1463 557 at
1484 524 1537 556 ubi
1560 525 1597 557 de
1619 535 1714 559 voca-

190 580 331 613 bulorum
355 580 530 622 originibus
552 581 669 622 agitur,
701 581 873 622 singularis
895 586 925 614 et
945 591 1019 614 vere
1042 581 1253 620 incredibilis,
1285 581 1380 614 aliam
1402 582 1639 625 explicationem
1659 593 1714 616 ex—

189 639 346 680 cogitavit.
413 638 444 670 Is
471 640 552 671 enim
582 638 621 671 ab
652 635 753 682 ἀνήρ,
788 639 910 681 abjecto
939 651 976 677 α,
1012 644 1042 672 et
1072 636 1131 682 ὧήμ
1153 638 1343 672 descendere
1365 643 1476 681 putans
1498 641 1715 683 interpretatur

189 697 325 740 speciem
347 696 470 729 virilem
492 706 568 740 prae
592 707 627 730 se
650 697 765 730 serens.
809 697 923 731 Dubito
944 707 1016 730 num
1039 698 1096 731 viri
1109 697 1192 731 docti
1206 699 1239 730 in
1248 697 1306 731 hos
1318 706 1441 730 errores
1460 698 1583 742 delapsi
1598 705 1712 739 essent,

189 757 215 788 si
239 756 454 789 meminissent
477 757 637 789 semiticae
660 757 748 789 vocis
771 763 817 789 nn:
838 756 1015 798 (chaldaice
1037 756 1112 794 mir,
1136 756 1283 789 hebraice
1295 756 1358 794 nir,
1382 755 1508 789 arabice
1520 756 1609 797 mir),
1633 768 1712 800 quae

189 816 308 854 iqnem,
346 816 442 846 lucem
471 815 597 847 indicat.
652 814 708 847 Est
730 816 824 857 igitur
845 813 963 858 νώροψ
985 813 1106 856 χαλκὸς
1129 824 1204 854 aes,
1241 814 1323 857 quod
1344 814 1427 856 ignis
1449 815 1585 857 speciem
1608 814 1711 854 habet,

189 874 367 912 splendens,
422 874 503 914 quod
538 874 578 904 ad
613 874 744 905 eandem
775 874 959 905 sententiam
993 873 1094 911 redit,
1146 883 1237 915 quam
1275 870 1409 904 αἴθοπα
1439 872 1560 913 χαλκὸν
1595 873 1712 906 habere

189 941 284 973 supra
307 931 451 962 vidimus.

274 989 385 1021 Tertia
407 991 539 1032 denique
561 1000 636 1028 vox,
670 991 710 1022 ad
733 1001 824 1033 quam
845 991 1012 1033 disputatio
1034 994 1144 1022 nostra
1163 991 1319 1032 pervenit,
1352 994 1400 1021 est
1421 986 1521 1032 ἤνοψ.
1563 989 1712 1032 Legimus

188 1047 247 1080 hoc
269 1048 457 1080 vocabulum
476 1048 511 1080 Il.
535 1047 624 1087 XVI,
647 1049 719 1082 408.
745 1048 864 1087 XVIII,
888 1048 962 1081 349.
987 1054 1016 1080 et
1043 1046 1101 1080 Od.
1124 1046 1170 1085 X,
1192 1047 1264 1079 355.
1307 1046 1342 1078 In
1363 1056 1424 1079 uno
1446 1047 1554 1079 horum
1573 1048 1713 1082 locorum

188 1101 282 1148 ἧνοψ
302 1106 425 1146 χαλκὸς
447 1115 503 1139 aes
524 1112 663 1146 vocatur,
686 1117 746 1151 quo
768 1108 905 1151 piscator
923 1107 1017 1139 utitur
1040 1106 1080 1139 ad
1101 1106 1206 1149 pisces
1218 1105 1399 1149 capiendos,
1420 1108 1530 1139 hamus
1542 1108 1729 1148 piscarius,-

188 1166 378 1196 incaeteris
402 1170 448 1197 est
474 1175 530 1198 vas
559 1168 724 1203 aheneum,
771 1168 803 1198 in
839 1176 899 1208 quo
935 1174 1017 1207 aqua
1051 1164 1241 1197 infervescit.
1302 1164 1486 1208 Interpretes
1513 1169 1635 1198 veteres
1663 1166 1714 1198 vel

190 1222 362 1265 ἕμφωνον,
394 1224 445 1256 vel
474 1225 629 1268 λαμπρὸν
646 1235 718 1257 esse
741 1225 857 1257 volunt.
902 1224 950 1255 Ac
971 1224 1056 1266 prior
1078 1223 1201 1264 quidem
1220 1223 1386 1265 explicatio
1408 1225 1547 1266 quamvis
1571 1224 1611 1256 ab
1630 1225 1714 1257 aeris

190 1281 327 1313 indolem
361 1291 425 1315 non
453 1282 559 1316 aliena
588 1284 644 1322 sit,
689 1285 799 1326 quippe
830 1281 912 1324 quod
941 1290 1087 1313 sonorum
1116 1282 1156 1313 sit
1184 1279 1336 1320 (Eustath.
1365 1282 1397 1313 in
1425 1292 1533 1315 comm.
1558 1282 1630 1315 918.
1662 1282 1730 1323 20„

190 1336 343 1381 ἠχητικὸς
366 1337 384 1372 ὁ
406 1341 527 1381 χαλκὸς
548 1346 606 1374 etc.
631 1342 727 1383 δηλοῖ
745 1341 805 1382 μὲν
827 1339 883 1373 καὶ
903 1338 941 1372 τὸ
952 1335 1063 1381 ἢνοπα
1077 1339 1236 1380 λέγεσθαι
1244 1338 1381 1380 χαλκὸν,
1404 1338 1425 1372 ὅ
1438 1351 1526 1373 εστιν
1540 1338 1716 1384 ἐζιιφωνον),

190 1397 334 1439 prohibet
352 1403 456 1430 tamen
473 1409 521 1438 ea,
545 1409 637 1442 quam
660 1399 873 1436 adhibuerunt,
900 1399 988 1430 vocis
1007 1396 1208 1438 etymologia,
1231 1406 1291 1439 quo
1313 1398 1414 1429 minus
1436 1398 1477 1429 iis
1500 1399 1715 1431 assentiamur.

190 1455 297 1488 Aliam
329 1458 483 1490 rationem
516 1463 700 1502 sequuntur,
743 1459 795 1500 qui
823 1456 883 1489 hoc
915 1454 1069 1488 vocabulo
1099 1455 1295 1498 splendorem
1329 1456 1413 1489 aeris
1445 1456 1579 1489 indicari
1599 1457 1716 1490 volunt.

191 1512 260 1557 Ego
288 1515 432 1558 equidem
454 1526 517 1551 non
539 1516 662 1556 dubito,
707 1517 780 1560 quin
801 1524 878 1549 vera
901 1515 940 1548 sit
959 1523 999 1547 ea
1018 1514 1240 1557 interpretatio.
1295 1512 1392 1547 Nemo
1415 1519 1517 1547 autem
1539 1514 1640 1549 adhuc
1662 1515 1716 1548 de-

192 1576 390 1613 monstravit,
436 1577 488 1618 qui
516 1576 583 1608 fieri
605 1581 726 1619 posset,
772 1581 803 1607 ut
824 1584 864 1607 ea
891 1574 940 1606 vis
968 1572 1122 1605 vocabulo
1149 1574 1275 1605 inesset.
1342 1571 1421 1605 Nam
1446 1575 1498 1615 qui
1521 1573 1560 1605 ab
1587 1572 1716 1607 ἐνόπτω

192 1631 308 1665 factum
336 1644 409 1667 esse
436 1634 560 1673 volunt,
598 1634 715 1667 frustra
737 1632 879 1676 exempla
900 1632 1163 1674 circumspicient‚
1203 1630 1313 1673 quibus
1335 1633 1596 1673 praepositionem
1624 1630 1659 1665 ἐν
1686 1633 1719 1664 in

193 1688 234 1733 ἢν
261 1696 407 1724 mutatam
438 1693 537 1726 fuisse
566 1693 800 1726 demonstretur.
861 1690 1013 1733 Aperiunt
1046 1690 1129 1722 viam
1163 1689 1203 1721 ad
1237 1689 1390 1731 originem
1425 1690 1513 1722 vocis
1539 1688 1721 1723 Latinorum

197 1757 340 1782 aen-eus
364 1756 394 1783 et
416 1761 565 1784 aer-eus.
609 1752 777 1795 Antiquior
795 1750 897 1784 forma
919 1749 976 1781 fuit
998 1758 1054 1781 aer
1073 1749 1160 1788 (aes,
1190 1748 1302 1787 aeris),
1333 1757 1424 1790 quam
1445 1746 1631 1781 Semitarum
1654 1758 1721 1781 ser-

195 1818 287 1841 mone
310 1816 468 1844 servatam
490 1810 642 1845 habemus
664 1812 698 1843 in
717 1810 876 1844 hebraicis
899 1818 955 1843 -ιπκ
977 1814 1008 1843 et
1030 1817 1104 1846 -ιηζ,
1144 1817 1272 1850 quarum
1293 1805 1371 1839 illud
1393 1809 1508 1848 iqnem,
1543 1807 1603 1841 hoc
1625 1809 1722 1844 lucem

193 1868 361 1909 significat.

280 1927 437 1962 Ponamus
472 1930 587 1972 igitur,
643 1938 752 1962 vocem
780 1924 871 1971 ἤνοψ
900 1932 933 1960 ut
963 1928 1087 1970 priscae
1127 1924 1233 1967 stirpis
1269 1923 1420 1958 ramulum
1460 1925 1493 1957 in
1532 1926 1622 1967 epieo
1655 1934 1722 1958 ser-

195 1995 286 2018 mone
322 1986 464 2020 relictum
499 1998 537 2021 ex
572 1987 717 2021 molliore
748 1986 940 2020 Graecorum
969 1995 1023 2019 ore
1055 1981 1160 2028 ἤνοψ,
1200 1993 1263 2016 non
1288 1978 1385 2026 ἤροψ
1411 1984 1571 2021 sonuisse,
1617 1992 1720 2016 nonne

195 2043 286 2086 hujus
318 2045 465 2078 vocabuli
493 2047 779 2091 interpretationem
808 2044 849 2078 ab
877 2044 1019 2079 omnibus
1052 2042 1277 2088 impedimentis
1310 2040 1498 2074 vindicatam
1518 2041 1722 2075 habebimust

194 2101 275 2135 Nam
304 2108 337 2136 ut
356 2102 478 2145 χαλκὸν
504 2102 655 2143 αἴθοπα,
695 2104 818 2146 χαλκὸν
843 2101 983 2148 νώροπα
1011 2113 1067 2136 aes
1092 2103 1176 2145 ignis
1197 2100 1320 2142 fulgore
1343 2100 1528 2143 splendens,
1571 2100 1723 2143 fulgidum

194 2172 268 2195 esse
297 2165 525 2206 perspeximus,
567 2166 613 2198 ita
641 2174 763 2209 quoque
792 2163 914 2206 χαλκὸς
942 2159 1033 2207 &worp
1061 2171 1117 2196 aes
1147 2161 1221 2200 erit,
1266 2159 1348 2202 quod
1375 2154 1472 2202 ignis'
1487 2160 1587 2192 instar
1613 2158 1720 2201 fulget,

195 2229 247 2253 aes
269 2222 432 2263 fulqidum.
